2932 4728
506 302 724 420 st-urt.

93 533 221 612 angusta
244 524 325 603 satis,
350 524 469 612 triginta
492 529 656 616 vigintique
680 527 772 594 millia
795 523 949 613 passuum,
967 529 1095 600 in‘hane
1111 556 1163 621 pu·

70 642 249 700 ‚stremam
265 630 384 698 derivat
400 631 554 700 Arabiam.
570 637 637 714 Quo
652 635 682 701 in
702 636 767 702 lecu
783 635 861 702 filios
877 637 981 716 lsrael,
997 641 1075 706 sicco
1091 651 1167 707 tran·

92 741 171 805 sisse
196 739 322 823 vestigio
345 739 441 806 fertur
462 741 626 826 plerisque.
651 741 739 822 Quod
762 743 855 822 nestri
879 744 1034 824 Rubrum,
1054 729 1166 814 *Graeci

93 847 288 929 Erythraeam
311 865 396 911 mare
411 857 584 932 nuncupant
598 867 615 913 a
630 867 701 933 rege
721 849 862 934 Erythro,
879 851 966 936 eujus
988 852 1019 918 in
1036 851 1169 938 quadam
1209 869 1211 873 ·

92 950 123 1014 in
148 951 252 1016 insula
273 950 385 1036 inclyto
400 950 537 1016 conditus
564 959 610 1016 est
637 953 785 1036 sepulcro,
810 953 858 1039 (1)
878 974 948 1021 uam
971 965 1001 1022 et
1016 957 1168 1042 erythraei

92 1055 215 1122 rubeus
238 1056 327 1121 latine
350 1056 469 1123 dicitur.
493 1057 556 1122 Aut
578 1066 611 1123 ut
633 1058 682 1124 alii
705 1059 803 1143 potius
826 1069 998 1141 autumant,
1023 1065 1166 1150 quoniam

92 1176 284 1248 repercussu
307 1163 379 1229 solis
402 1163 533 1229 rubeum
549 1163 653 1230 reddat
674 1166 817 1233 calorem.
841 1170 956 1235 Tamen
980 1179 1059 1236 terra
1076 1171 1167 1238 rubra

93 1289 159 1335 nou
184 1277 241 1344 est,
265 1288 366 1355 neque
389 1290 493 1346 arena,
525 1290 602 1357 quae
625 1273 719 1357 magis
742 1282 788 1339 est
810 1274 956 1359 periulva,
980 1285 1016 1362 et·
1033 1279 1169 1343 minutia

94 1376 185 1441 simis
207 1375 377 1460 margaritis
408 1375 528 1441 videtur
556 1395 623 1442 esse
646 1377 818 1456 simillima,
851 1379 1046 1465 inireturque
1073 1382 1167 1447 oeulis

94 1479 287 1546 delectabilis
309 1478 473 1544 admodum
495 1488 585 1565 atque
608 1490 754 1566 pergrata,
779 1492 953 1566 magnetum
977 1484 1101 1550 fortasse
1124 1486 1167 1552 la·

95 1584 225 1670 pidibus
247 1584 416 1669 plurimum
438 1584 583 1650 immixta.
608 1585 695 1664 Quod
718 1595 748 1652 et
781 1587 916 1673 periculo
939 1589 1034 1675 liquet
1066 1591 1167 1677 queti-

96 1695 210 1770 diano,
235 1712 305 1758 cum
340 1712 429 1759 naves
453 1711 558 1759 omnes
581 1703 633 1759 aut
655 1694 795 1759 triremes
818 1703 868 1760 aut
890 1696 1016 1782 araphae
1047 1717 1166 1784 parvae,

96 1800 183 1864 terro
207 1805 359 1875 structae,
390 1797 618 1883 quamprimum
641 1797 707 1862 eius
730 1797 900 1883 attingerint
924 1800 1056 1879 undam,
1088 1803 1168 1870 illiue

96 1905 328 1980 dissolvuntur,
360 1912 391 1969 et
420 1905 546 1994 archana
569 1905 598 1970 vi
621 1904 750 1991 quadam
780 1914 857 1973 tutae
888 1907 1025 1992 protinus
1055 1909 1170 1982 disser·

97 2021 187 2098 punt.
212 2009 259 2094 (2)
276 2011 360 2075 Hane
382 2009 421 2075 ob
443 2030 563 2077 eausam
578 2021 701 2078 cunctae
725 2033 823 2090 naves,
840 2014 952 2101 quibus
973 2016 1061 2082 illum
1084 2035 1168 2084 mare

97 2116 276 2200 enavigant,
309 2115 392 2181 nullo
415 2115 495 2181 ferre
518 2125 569 2182 aut
590 2136 660 2182 aere
690 2137 786 2184 nexae
809 2129 888 2186 sunt.
921 2120 983 2187 Sed
1007 2121 1094 2207 lignis
1117 2123 1168 2188 tali

98 2222 192 2288 mode
224 2221 362 2299 iunctae,
393 2241 431 2287 ue
461 2231 635 2312 magnetum
667 2223 695 2289 vi
725 2223 864 2310 disjectae
894 2235 1001 2313 atquae
1033 2229 1171 2296 divulsae

173 2427 214 2498 (n
232 2409 256 2482 n
274 2425 292 2481 r
305 2425 436 2484 urenae
455 2424 531 2482 stim
557 2422 627 2499 regu
645 2427 746 2484 ananau
768 2435 811 2485 aa
827 2428 847 2484 r
858 2429 949 2501 ttgitto
967 2447 981 2488 e
999 2431 1017 2486 r
1027 2432 1169 2490 uuusrnra

100 2513 189 2572 all’O.
207 2513 337 2571 l’Arahia
355 2511 449 2576 urm.
463 2513 488 2569 at
501 2511 576 2569 Nord
594 2514 734 2571 eomuniaa
745 2515 785 2572 eol
799 2513 994 2574 Mediterranea
1012 2534 1060 2590 per
1078 2535 1169 2576 mezzo

99 2605 144 2662 del
162 2602 257 2661 eanate
272 2603 300 2658 di
319 2602 395 2670 Saea,
414 2603 442 2658 al
459 2601 515 2680 Sud
534 2618 582 2674 per
599 2617 690 2660 mezzo
707 2602 777 2659 detio
795 2610 892 2660 stretto
904 2603 932 2660 di
949 2605 1004 2661 Bab
1017 2607 1040 2662 et
1054 2607 1169 2664 Mandeb

100 2695 124 2750 ai
145 2689 238 2750 unitae
256 2691 282 2748 al
301 2707 374 2748 utare
391 2689 459 2748 delle
477 2690 561 2748 indie.
574 2691 597 2746 11
616 2690 789 2748 Freaeobaldi
807 2691 995 2749 ricordandoio
1013 2693 1083 2751 diae:
1102 2693 1171 2752 Pare

100 2797 205 2854 saugue
223 2787 242 2837 a'
257 2780 361 2849 redere,
380 2797 396 2837 e
422 2795 477 2837 noa
495 2782 511 2837 e
530 2779 628 2853 perehd
647 2779 665 2835 l’
677 2795 764 2853 aequa
781 2794 836 2836 nou
855 2781 896 2837 aia
919 2781 1016 2838 bianea
1036 2798 1051 2838 e
1068 2781 1169 2851 thiara,

100 2888 147 2927 rna
165 2868 265 2942 pereira
281 2869 390 2924 l'arena
408 2870 424 2925 e
442 2883 517 2924 roasa
534 2881 609 2924 eume
626 2865 746 2922 einahro.
772 2866 949 2926 Vedemmovi
973 2877 1051 2926 entro
1069 2869 1170 2943 grande

100 2957 228 3032 quantita
244 2955 272 3012 di
290 2955 357 3013 vele.
375 2955 466 3010 Erana
485 2953 548 3011 navi
566 2955 616 3011 ahe
632 2951 766 3010 recavano
790 2954 919 3027 spartaria
937 2956 1008 3013 dalle
1027 2957 1099 3030 parti
1116 2957 1170 3015 del·

99 3048 118 3104 l’
132 3044 219 3102 India.
244 3044 292 3100 Poi
312 3043 338 3101 le
361 3058 494 3100 aurorane
514 3043 638 3116 portante
661 3042 688 3098 al
705 3042 785 3100 Gairo
802 3061 818 3101 e
836 3059 884 3117 per
905 3045 932 3101 lo
949 3046 1013 3103 Nilo
1031 3061 1122 3104 vanno
1140 3047 1170 3104 in

99 3131 286 3197 Atesaandria
303 3138 331 3187 et
349 3146 397 3204 per
413 3131 483 3186 altra
500 3129 545 3186 ria
564 3130 588 3185 te
606 3129 702 3186 levana
719 3137 747 3186 et
765 3145 857 3187 ranno
875 3131 903 3187 in
923 3131 1067 3190 Damasum

176 3220 216 3290 (2)
236 3221 274 3277 La
300 3218 410 3290 ragione
430 3217 579 3291 principale
601 3217 647 3276 dei
672 3217 796 3290 naufragi
814 3219 858 3276 uel
877 3219 936 3277 Mar
953 3221 1039 3277 Rosao
1057 3236 1124 3277 aona
1146 3220 1171 3278 te

100 3315 234 3382 tempesta
251 3307 397 3382 frequenti,
414 3324 429 3364 e
447 3307 471 3364 te
489 3305 618 3364 diffieottt
636 3307 685 3364 ehe
709 3321 833 3365 avevano
857 3309 882 3365 le
900 3311 963 3365 navi
982 3326 1000 3366 a
1017 3309 1079 3366 vela
1096 3308 1124 3365 di
1143 3323 1172 3364 u·

102 3399 174 3455 adire
198 3412 213 3453 e
236 3395 264 3451 d’
273 3403 379 3454 entrare
399 3409 448 3467 per
466 3395 492 3450 to
513 3385 616 3461 arretio}
639 3394 775 3450 ahiamato
795 3394 975 3467 giustamente
997 3394 1068 3466 dagti
1093 3393 1171 3450 arabi

102 3485 187 3542 Babel
205 3483 334 3549 tiendum
358 3491 453 3540 stretto
470 3482 538 3539 dede
559 3481 677 3554 tagrime.
703 3481 724 3538 11
745 3482 821 3554 tegno
838 3498 887 3538 eon
907 3481 951 3538 eui
968 3481 1170 3538 tabbrieavanai

103 3573 190 3632 alluta
207 3572 232 3629 le
249 3571 351 3629 barche
366 3571 415 3628 ane
434 3571 625 3644 ‘veteggiavauu
642 3570 705 3643 quel
727 3585 800 3627 mare
817 3585 864 3626 era
876 3569 1054 3641 fragilissimo,
1073 3567 1170 3643 quindi

102 3669 159 3719 non
179 3660 322 3734 pomudoai
337 3659 493 3732 adoperare
516 3658 608 3716 ahiudi
632 3658 681 3715 che
706 3658 732 3714 lo
749 3657 898 3716 avrebheru
916 3665 1042 3730 apaeeato
1065 3674 1081 3714 e
1101 3664 1172 3715 rotto

101 3750 267 3808 taeerami
260 3767 270 3806 r
287 3748 369 3806 buehi
382 3751 421 3804 eoi
435 3748 587 3812 aueehietlu
605 3749 851 3820 aeongegnarauai
871 3748 895 3804 te
914 3747 986 3804 traui
1002 3762 1053 3804 aen
1072 3747 1171 3821 rerghe

102 3837 131 3895 di
150 3840 280 3912 teguo-
248 3839 336 3896 -Le
353 3839 452 3896 barche
469 3837 538 3910 degli
563 3837 685 3911 indigeri
711 3837 780 3894 detta
806 3836 915 3912 spiagge
943 3834 1085 3906 arabione,
1106 3852 1173 3894 sonu

103 3942 203 3995 areuna
220 3925 311 4000 oggidt
327 3927 417 3985 fatte
409 3942 437 3984 tn
455 3933 552 4001 questo
568 3925 657 3986 modo.
737 3953 738 3956 ¹
1012 3965 1013 3970 η
