2970 4730
596 371 771 436 -lab-

146 542 330 630 jamdudum
353 545 500 623 aunem,
524 563 583 630 qna
606 565 677 612 vore
700 544 802 618 domn¹
816 554 1012 631 cognoscant,
1048 549 1128 614 baud
1150 568 1214 615 am·

148 651 277 737 biguum
300 661 354 718 est.

150 809 154 816 .
239 757 421 826 Aesacon.
446 761 528 839 Quae
545 759 671 826 obscura
687 779 813 845 prorsus
828 768 917 845 atque
932 757 1030 824 abdita
1046 759 1129 825 Deus
1146 779 1214 826 esse

145 861 253 940 voluit,
277 861 321 927 las
343 882 403 928 nou
426 873 473 928 est
494 861 619 941 homini,
644 862 682 929 de
705 863 751 929 his
775 862 917 940 diffinire,
940 871 1029 948 atque
1052 881 1108 928 nec
1124 863 1214 927 etiam

146 985 185 1032 ea
200 966 392 1051 perscrutari.
418 969 516 1047 Quam
538 966 576 1033 ob
600 986 667 1032 rem
682 967 772 1053 igitur
788 967 857 1032 licet
872 987 925 1033 nos
941 975 1098 1051 peccantes
1119 968 1214 1033 simus

146 1081 251 1137 tamen
274 1091 362 1137 verae
385 1070 457 1138 fidei
480 1072 634 1158 religione,
658 1072 821 1139 clarissima
837 1072 867 1136 in
884 1072 951 1138 luce
967 1091 1135 1138 versemur.
1151 1073 1215 1140 lla-⁴

146 1175 305 1258 humetani
327 1196 400 1243 nero
424 1196 530 1246 omnes
552 1178 667 1263 populi,
690 1197 768 1263 peno
792 1176 1037 1255 innumerabiles,
1061 1178 1104 1244 sic
1130 1186 1214 1244 tene-

146 1282 212 1348 bris
228 1283 288 1348 sint
302 1282 505 1368 circumsepti,
522 1283 565 1350 sic
579 1303 664 1350 caeca
679 1285 804 1370 caligine
827 1282 957 1361 obducti,
978 1292 1011 1350 ut
1026 1302 1082 1348 nec
1097 1292 1214 1367 patrem

146 1406 205 1454 nec
228 1385 388 1454 dominum
410 1406 501 1453 suum
524 1386 634 1464 norint,
658 1407 714 1455 uec
736 1388 965 1464 immortalitate,
982 1386 1065 1472 quod
1080 1386 1127 1452 bis
1142 1406 1213 1453 cou-

146 1509 282 1576 sequens
305 1499 360 1567 est,
384 1489 507 1575 adipisci
530 1491 655 1574 possint.
679 1491 778 1557 Divini
803 1491 939 1576 protinus
962 1491 1160 1568 sacramenti,
1184 1499 1215 1556 et

146 1596 287 1662 coelestis
309 1594 429 1661 archani
459 1596 565 1683 (quod
590 1596 646 1661 nisi
669 1597 738 1683 quis
760 1595 888 1673 doceat)
918 1596 995 1662 seire
1019 1596 1102 1662 nullo
1128 1605 1213 1681 pacto

147 1710 256 1787 potest.
281 1703 346 1781 Qua
369 1702 400 1767 in
424 1721 457 1769 re
481 1703 504 1767 si
529 1703 726 1788 apostolicum
749 1703 857 1769 scitum
880 1701 955 1768 illud
978 1702 1008 1767 in
1031 1701 1138 1786 primis
1167 1700 1214 1767 di·

147 1804 281 1871 cendum
305 1805 354 1870 sit:
374 1807 421 1872 Ob
436 1810 581 1872 beatitudo
595 1810 772 1872 divitiorem
786 1809 947 1889 sapientiae
962 1815 989 1872 et
1003 1809 1142 1872 scientiae
1156 1809 1214 1884 dei,

147 1931 241 1993 onom
255 1915 561 1994 incomprehensibilia
584 1922 656 1978 scot
672 1915 786 1993 juditio
801 1915 866 1978 dos
880 1921 907 1978 et
921 1915 1136 1997 inoestipobiles
1149 1916 1216 1978 oioc

146 2021 233 2099 ojus:
255 2016 291 2083 ld
314 2027 412 2083 tamen
432 2017 601 2104 justissimo
624 2018 673 2084 dei
693 2016 808 2103 judicio
831 2016 899 2084 beri
922 2017 1214 2104 ambigendum-non

147 2132 202 2188 εει.
226 2120 328 2208 Atque
351 2143 385 2189 ea
407 2123 541 2191 fortassis
564 2125 687 2202 ratione,
710 2142 808 2210 quum
831 2143 890 2190 non
913 2124 1012 2190 solum
1034 2123 1055 2209 ij
1077 2123 1108 2189 in
1132 2124 1215 2190 omni

146 2228 469 2311 generescelerorum
496 2237 526 2295 ει
555 2227 742 2314 flagitiorum
766 2227 998 2295 obstinatissime
1020 2229 1214 2304 volutantur,

147 2331 202 2400 sed
217 2341 248 2398 et
263 2352 341 2418 quae
356 2333 473 2418 pietatis
495 2333 594 2400 studio
617 2334 715 2401 lacere
737 2333 848 2411 vident,
864 2333 1002 2418 improbe
1017 2342 1107 2420 atque
1121 2334 1215 2419 impie

145 2436 262 2505 iaciant
286 2437 405 2524 Quippe
429 2439 482 2525 qui
504 2424 615 2517 omnia,
638 2458 715 2524 quae
732 2439 795 2503 suis
811 2438 975 2504 actionibus
991 2437 1132 2522 pietatem
1146 2457 1215 2504 san·

145 2543 381 2629 ctimoniamque
407 2553 574 2622 ostentant,
605 2553 656 2610 aut
685 2544 823 2609 simulata
856 2552 907 2608 aut
940 2542 1008 2608 licta
1023 2592 1033 2622 ,
1049 2554 1106 2609 'ant
1128 2562 1230 2612 caeca,

146 2658 201 2727 est,
224 2658 255 2715 et
276 2650 365 2716 stulta
387 2649 537 2716 dementia
559 2650 657 2736 plena,
682 2649 762 2715 sicut
786 2667 894 2714 eorum
917 2668 956 2715 en
978 2648 1111 2717 oratione
1126 2647 1213 2733 vieju-

146 2756 258 2842 nioque
280 2765 383 2841 aperte
406 2757 600 2823 convincitur.
627 2755 789 2842 Siquidem
812 2755 910 2824 Mauri
933 2754 997 2820 suis
1019 2753 1137 2840 legibus
1156 2753 1215 2820 dii·

145 2860 267 2928 linitum
290 2861 410 2940 babent,
426 2872 459 2929 ut
474 2863 498 2928 si
515 2863 584 2948 quis
607 2877 714 2928 eorum
738 2864 827 2939 lotus,
851 2860 1026 2947 nitidusque
1049 2860 1215 2928 delubrum

145 2977 286 3034 oraturus
309 2967 472 3046 intraverit,
496 2968 566 3035 licet
588 2967 726 3034 omnium
741 2966 904 3033 libidinum
919 2966 1150 3033 obscenitatibus
1166 2985 1216 3050 op·

145 3073 246 3159 pletns
269 3072 386 3151 inerit,
410 3092 518 3158 preces
539 3071 720 3151 effundens,
744 3071 897 3156 extemplo
919 3071 1034 3138 cunctis
1065 3069 1215 3136 eiusmodi

144 3177 323 3246 criminibus
355 3189 562 3266 expurgetur,
598 3179 683 3266 quasi
715 3180 796 3246 lotus
826 3179 1011 3266 nitidusque.
1042 3176 1215 3243 Libidinem

87 3285 106 3316 ‘²
145 3295 218 3353 vero
241 3283 317 3350 intra
340 3294 444 3370 peetus
479 3285 647 3364 inclusam,
679 3286 734 3352 ulli
764 3305 869 3352 amnes
903 3285 1050 3362 abluunt,
1080 3292 1132 3350 aut
1153 3283 1216 3349 ulla

144 3388 240 3456 maria
262 3389 433 3474 purificant.
450 3391 514 3458 Nec
529 3391 631 3458 vident
645 3391 724 3458 caeci
748 3401 861 3477 quanto
885 3391 979 3457 satius
1002 3399 1056 3467 est,
1080 3400 1215 3456 mentem

145 3492 247 3580 potius
271 3513 405 3574 eruere,
438 3514 535 3582 quum
558 3496 644 3561 malis
674 3495 886 3581 cupiditatibus
908 3505 954 3561 εει
976 3493 1124 3561 sordidata
1153 3492 1215 3558 imo

146 3599 255 3676 saucia
280 3607 310 3664 et
335 3599 535 3684 poenitentiae
551 3599 693 3665 remediis
716 3599 814 3665 curari
831 3593 943 3684 potest
968 3599 993 3665 si
1015 3597 1144 3664 admissa
1160 3595 1215 3663 do·

146 3704 269 3782 luerint,
294 3705 319 3770 si
343 3725 413 3771 vera
438 3705 530 3770 animi
554 3705 729 3771 contritione
753 3704 950 3782 defleverint,
974 3703 1028 3770 sed
1050 3702 1124 3790 qnid
1155 3703 1215 3770 iam

146 3808 275 3876 istorum
294 3809 447 3896 jejunium
463 3809 586 3878 laedum
610 3830 681 3876 sane
705 3809 949 3898 probrosumque
968 3810 1098 3895 loqunr‘l
1114 3811 1216 3889 Quare

149 3933 246 4002 quum
260 3935 380 4006 nempe
400 3915 540 4004 jejunent
569 3915 588 4004 ij
621 3927 651 3984 et
680 3917 711 3984 in
735 3927 914 3988 ‚extromum
945 3915 1012 3984 diet
1034 3914 1217 4001 vesperique
