2970 4730
704 365 879 432 ..90-

261 551 288 610 ta
303 563 336 609 ac
352 536 505 608 fastidiens
528 539 671 607 frumenti
687 551 766 608 esset
781 543 912 621 ubertas,
929 541 1144 630 ingentissimis
1167 545 1332 614 aedificatis

262 651 400 731 horreis,
432 651 519 738 cujus
554 673 686 720 annonae
725 653 961 740 perimmensam
991 654 1107 740 copiam
1141 655 1332 733 recondidit,

261 761 381 847 populis
405 761 436 825 iu
451 768 607 846 posterum
623 759 847 826 distrahendam
863 759 1122 845 partiendamque.
1143 763 1223 828 llaec
1238 762 1333 848 igitur

261 868 369 934 horrea
393 867 502 952 inquis,
527 875 704 952 permanent
726 886 774 943 ne,
791 867 839 930 vel
861 865 959 931 diruta
983 865 1088 944 iacent,
1113 868 1160 932 rel
1183 868 1236 933 ubi
1251 869 1334 937 sita‘i

261 975 353 1040 Recte
375 970 407 1036 id
430 969 565 1056 quidem.
590 970 652 1036 Sed
667 989 739 1037 cum
754 969 791 1035 de
811 969 852 1056 jis
874 989 1013 1036 arerum
1035 972 1231 1057 scriptoribus
1253 974 1333 1040 nihil

261 1076 416 1164 proditum
438 1077 477 1142 sit
498 1075 560 1155 ubi,
585 1077 631 1141 vel
655 1077 754 1162 qualia
775 1075 898 1155 fuerint,
915 1096 1047 1163 cumque
1064 1098 1112 1144 res
1129 1080 1333 1150 vetustissIma

261 1187 308 1265 sit,
332 1185 558 1272 quadringentis
578 1185 690 1252 scilicet
706 1195 736 1251 et
751 1185 835 1252 mille
851 1185 936 1252 anuis
952 1195 1020 1251 ante
1045 1186 1154 1251 urbem
1170 1183 1333 1265 conditam,

261 1303 292 1360 et
313 1303 380 1359 ante
403 1292 514 1359 Christi
537 1293 718 1358 nativitatem
741 1293 826 1358 mille
850 1293 1019 1378 nongentis,
1036 1292 1114 1379 quis,
1135 1292 1266 1378 inquam,
1291 1293 1334 1359 de

259 1399 435 1486 hujusmodi
466 1399 584 1465 horreis
617 1399 691 1464 certi
721 1398 871 1485 quidquid
904 1397 1013 1464 audeat
1043 1397 1221 1463 affirmaret
1249 1399 1334 1465 Tum

262 1505 450 1592 praesertim,
474 1501 567 1590 Regia
590 1503 720 1590 hegypti
743 1501 849 1568 sedea
873 1501 995 1580 Thebis,
1018 1501 1057 1567 do
1080 1501 1191 1588 quibus
1214 1503 1335 1587 egimus

262 1632 368 1698 supra,
391 1611 423 1676 in
445 1610 614 1695 Memphim
636 1610 801 1676 translata?
826 1609 976 1687 Tametsi,
999 1607 1130 1694 quadam
1153 1609 1244 1674 veluti
1266 1607 1335 1693 opi·

262 1717 380 1782 natione
404 1733 525 1801 semper
547 1714 607 1780 sim
629 1714 800 1791 arbitratus,
817 1733 852 1780 ea
874 1713 968 1779 luisse
984 1712 1093 1798 loseph
1116 1713 1233 1790 horrea,
1253 1733 1334 1799 quae

261 1841 381 1887 nunc-a
414 1821 526 1888 Thebis
564 1819 644 1886 haud
679 1822 776 1906 louge,
812 1828 994 1906 praeruptae
1026 1821 1203 1905 lapsaequae
1230 1819 1335 1905 periu-

261 1937 366 2014 gentes
388 1948 422 1994 ac
443 1929 591 2014 plurimae
610 1929 741 1995 fornices
758 1929 916 1995 exsistunt.
942 1929 1104 1996 Caeterum
1128 1937 1161 1994 ut
1183 1929 1219 1994 ad
1242 1949 1334 2015 pyra·

261 2033 359 2099 mides
383 2032 514 2111 redeam,
537 2035 607 2120 quis
629 2053 735 2099 earum
758 2033 893 2100 conditor
915 2033 1016 2111 fuerit,
1040 2033 1167 2100 obscura
1189 2052 1261 2101 saue
1280 2053 1334 2100 res

262 2145 359 2203 estet
381 2136 534 2202 obliterata
557 2137 636 2214 satis,
661 2157 716 2203 uec
732 2139 806 2204 certi
826 2138 939 2224 quippe
964 2138 1066 2204 afferri
1088 2155 1178 2223 posse
1200 2137 1333 2204 videtur.

262 2243 394 2310 Tametsi
417 2242 455 2307 dc
474 2241 515 2328 jis
538 2242 652 2308 nobiles
681 2242 902 2331 clarissimique
924 2245 1103 2330 scriptores,
1135 2245 1334 2330 quamplures

261 2350 355 2417 multa
378 2349 464 2415 uobis
494 2349 690 2434 prodiderint,
715 2351 808 2417 veluti
832 2351 1013 2430 Herodotus,
1040 2349 1244 2428 Euhemerus,
1276 2351 1333 2418 Sa·

261 2455 352 2534 mius,
376 2454 572 2542 Aristagoras,
596 2456 748 2522 Diodorus
771 2457 902 2536 Siculus,
926 2458 1159 2543 compluresque
1182 2455 1241 2521 alii.
1265 2457 1334 2536 Qua

235 2569 362 2640 ,umen
385 2561 415 2627 in
443 2580 476 2626 re
499 2561 524 2625 si
555 2559 738 2646 impudentis
769 2561 907 2628 audaciae
938 2561 1145 2628 criminandus
1175 2560 1240 2647 ipse
1270 2580 1334 2627 uon

261 2668 329 2746 sim,
353 2666 449 2733 dicam
473 2685 567 2752 quem
589 2685 696 2732 earum
718 2667 905 2733 conditorem
924 2667 1110 2753 probabilius
1133 2667 1226 2733 luisse
1249 2687 1332 2734 reor.

261 2777 364 2854 Quum
387 2792 508 2840 mecum
531 2793 642 2860 nempe
665 2776 766 2841 animo
790 2785 884 2854 verto,
909 2777 1022 2863 quibus
1044 2777 1194 2855 manibus,
1218 2777 1333 2863 quibus

261 2878 416 2956 machinis,
440 2896 499 2964 qua
522 2880 684 2958 molitione,
701 2880 781 2946 saxis
797 2881 970 2967 ingentibus
986 2891 1015 2948 ct
1033 2881 1191 2948 immensis
1213 2901 1335 2948 cemen-

260 2985 309 3062 tis,
333 2986 488 3052 excelsum
511 2987 567 3053 hoc
582 2998 672 3075 atque
688 2989 929 3056 illustrissimum
944 3010 1021 3076 opus
1040 2988 1133 3055 luerit
1148 2997 1331 3065 extructum,

261 3090 293 3158 id
308 3111 433 3178 prorsus
449 3092 529 3158 subit
545 3093 575 3158 in
592 3104 737 3174 mentem,
756 3096 898 3163 mirificas
910 3097 963 3163 has
974 3095 1157 3182 pyramides,
1169 3094 1205 3160 ab
1221 3113 1257 3160 eo
1271 3103 1334 3160 tan·

155 3255 157 3261 .
262 3207 327 3263 tum
342 3195 431 3261 lactas
446 3215 516 3282 rege
532 3197 580 3262 cui
597 3216 657 3263 nou
673 3199 763 3264 modo
778 3199 900 3284 parebat
914 3198 1086 3286 hegyptum
1101 3198 1260 3284 Syriaque,
1276 3197 1333 3263 sed

260 3303 421 3369 universus
437 3301 527 3367 orbis.
545 3300 602 3368 Cui
619 3311 697 3369 tanta
715 3305 924 3390 operariorum
938 3305 1022 3390 copia
1037 3303 1252 3390 suppeditaret,
1264 3310 1331 3368 teu-

261 3415 350 3495 taqu'o
365 3409 480 3493 argenti
502 3417 532 3473 et
554 3409 621 3475 auri
644 3409 688 3474 vis
713 3418 802 3488 esset,
820 3419 853 3476 ut
868 3419 898 3476 et
912 3412 1111 3497 pecuniarum
1133 3416 1261 3475 structos
1276 3407 1332 3474 ha·

261 3514 361 3580 buerit
374 3533 507 3600 aggeres,
523 3534 617 3600 quem
640 3525 802 3602 propterea
823 3516 979 3602 magnifica
1002 3526 1032 3582 et
1045 3515 1176 3601 ingentia
1199 3513 1332 3581 condere

261 3637 352 3704 quam
375 3619 506 3684 maxime
529 3617 698 3685 delectaret.
722 3619 772 3685 Ab
805 3619 1016 3705 hujuscemodi
1040 3620 1139 3706 itaque
1163 3638 1235 3705 rege
1256 3617 1332 3684 tales

262 3723 435 3808 pyramides
458 3723 551 3790 luisse
575 3725 702 3804 molitas,
729 3725 871 3811 perfacile
888 3746 1013 3792 suasum
1029 3726 1139 3812 cuique
1163 3725 1200 3791 iri
1222 3731 1333 3810 potest.

263 3832 361 3909 Quam
392 3849 458 3894 rem
488 3850 585 3916 quum
616 3831 728 3897 diutius
759 3851 880 3898 mecum
911 3833 976 3918 ipse
1007 3833 1226 3918 contemplatus
1249 3829 1331 3910 sim,

264 3933 533 4022 Semiramidisque
564 3947 647 4025 gesta
669 3959 854 4027 percenseo,
879 3941 961 4027 quod
983 3949 1053 4028 post
1075 3940 1189 4009 Ninum
1214 3955 1331 4025 regem,
