2970 4730
609 331 785 396 ..91-

157 501 282 582 uirum,
314 503 377 589 ipsa
408 503 508 569 animo
527 504 561 570 ‘et
590 506 688 573 habito
718 525 848 593 gerens,
880 506 956 572 duos
980 517 1010 573 et
1033 509 1226 596 quadraginta

156 629 252 677 annos
284 627 378 696 regno
401 620 447 676 est
477 612 577 696 potita.
608 613 672 680 Nec
695 614 831 680 terminis
862 623 996 681 contenta
1027 617 1132 700 regni,
1165 637 1226 702 quo

156 720 248 794 Asiae
272 719 324 786 toti
347 719 378 784 in
395 719 629 805 septentrionem
653 740 750 806 usque
766 721 907 786 ultimum
930 721 1127 806 imperitabat,
1144 723 1227 789 lndis

156 828 249 893 etiam
265 826 382 892 bellum
397 826 498 892 intulit
513 835 542 891 et
558 826 728 912 AEtyopiam
744 826 947 913 Arabiamque
963 847 1106 912 premens
1121 829 1227 895 adiecit

155 932 297 1018 imperio,
321 931 413 998 urbes
429 932 575 1017 plurimas
593 941 713 998 struens
730 941 759 1000 et
774 933 869 1019 ipsam
889 953 1010 1019 quoque
1030 934 1226 1014 Babiloniam,
1275 1009 1278 1014 ,

155 1057 270 1116 muro,
300 1057 394 1124 quem
417 1038 623 1123 praediximus
646 1038 747 1105 cinxit.
779 1039 877 1105 Facile
900 1039 932 1104 in
955 1038 1031 1106 banc
1056 1039 1134 1107 duco
1157 1060 1225 1106 sen·

156 1143 291 1221 tentiam,
315 1163 375 1230 qua
397 1144 472 1209 mihi
493 1145 559 1229 ipse
581 1145 796 1230 persuadeam,
821 1146 1054 1212 Semiramidem
1077 1157 1227 1214 tantarum

156 1259 189 1316 et
210 1250 455 1317 admirandarum
478 1251 610 1336 prolecto
641 1252 833 1338 pyramidum
863 1252 1057 1318 conditricem
1081 1253 1226 1319 extitisse.

157 1356 254 1443 Cujus
276 1357 322 1422 rei
345 1366 374 1422 et
396 1357 501 1442 ingens
523 1367 736 1443 argumentum
759 1367 813 1437 est,
838 1358 981 1444 quoniam
1004 1367 1034 1423 ot
1055 1359 1150 1443 ipsius
1175 1361 1228 1426 Se·

154 1567 249 1634 etiam
272 1586 354 1633 nunc
376 1568 484 1634 caelata
508 1568 656 1653 persistat.

246 1675 426 1740 bodonicus.
450 1674 547 1740 Habet
561 1694 599 1740 ne
615 1673 770 1760 Aegyptus
785 1675 855 1740 alias
871 1674 1021 1761 ejusmodi
1036 1676 1227 1762 pyramides?

161 1827 164 1834 »
247 1779 429 1847 Aleconder.
453 1781 621 1847 Duodecim
637 1781 755 1848 circiter
769 1780 904 1847 millibus
920 1801 1065 1866 passuum
1088 1802 1227 1849 seorsum

157 1887 195 1954 ab
218 1886 276 1966 iis,
300 1906 388 1952 secus
411 1886 471 1952 Nili
494 1907 615 1953 amnem
646 1889 831 1955 occidentem
862 1908 979 1967 vorsus,
1011 1889 1149 1955 similiter
1171 1909 1226 1956 sex

157 2003 262 2061 octove
285 1993 457 2079 pyramides
480 1994 553 2061 aliae
578 1996 650 2062 sitae
675 2005 762 2073 sunt,
788 2015 974 2082 quamquam
997 2005 1027 2062 et
1049 2017 1109 2062 non
1131 1997 1226 2063 mirae

157 2099 233 2166 adeo
256 2098 479 2183 magnitudinis,
503 2099 639 2185 ingentes
665 2109 765 2167 tamen
790 2110 871 2167 sunt.

203 2253 224 2272 ,-
247 2207 425 2272 ludovicos.
450 2207 568 2285 Quaeso
601 2206 758 2293 Aegyptus
781 2229 797 2274 a
820 2228 882 2295 quo
905 2228 1015 2275 nomen
1042 2210 1171 2296 accepit,
1195 2211 1226 2276 in

158 2331 218 2399 qua
239 2310 322 2377 orbis
344 2311 438 2396 plaga,
464 2311 576 2398 quibus
599 2313 785 2378 contermina
810 2313 920 2397 regnis,
941 2332 1039 2399 quove
1062 2314 1225 2380 circumse-

157 2427 208 2505 pta
230 2418 316 2494 mari,
340 2425 391 2483 ant
412 2417 513 2483 fluviis
537 2418 726 2486 interlinita?

163 2543 165 2547 ’
245 2522 428 2590 Alcconder.
441 2523 560 2602 Quinto,
574 2523 715 2589 naturalis
731 2522 880 2609 hystoriae
891 2523 978 2600 libro,
992 2523 1107 2589 Plinius
1124 2523 1227 2589 scribit

158 2627 288 2714 Aegypti
311 2626 471 2713 provincia,
495 2623 532 2692 ab
558 2626 698 2713 Aegypto
714 2627 808 2692 Danai
824 2626 924 2705 fratre,
938 2627 976 2692 ita
992 2627 1225 2707 denominatam,

157 2752 288 2820 eamque
312 2734 343 2798 in
366 2733 495 2799 Adricae
530 2735 651 2820 regione
676 2733 785 2811 sitam,
812 2733 861 2798 cui
884 2733 1102 2799 conterminam
1131 2734 1226 2819 magis

158 2848 316 2906 autumant
339 2839 409 2918 allii,
433 2839 510 2905 sicut
532 2840 646 2906 Paulus
669 2839 826 2918 Horosins,
852 2839 926 2906 dum
949 2839 1039 2906 totius
1063 2848 1160 2906 terrae
1176 2861 1226 2906 or-

157 2947 230 3012 bem
254 2945 436 3032 triquetrum
458 2946 490 3011 in
513 2944 617 3013 Asiam
634 2945 762 3024 scilicet,
786 2947 958 3031 Europam,
982 2945 1163 3012 Allricamve
1186 2946 1227 3011 di·

158 3050 277 3116 screvit.
302 3048 432 3115 Affrieae
454 3069 586 3137 namquo
609 3049 793 3136 principium
815 3048 959 3115 alinibus
975 3049 1103 3136 Aegypti
1127 3050 1225 3116 urbis·

158 3177 220 3243 que
243 3155 443 3252 Alexandriae
467 3157 580 3223 scribit.
604 3156 777 3242 Aegyptum
801 3158 900 3243 itaque
924 3155 981 3224 sub
1005 3178 1060 3224 axe
1083 3157 1225 3223 meridio-

158 3265 217 3330 nali
234 3263 383 3329 orientem
400 3284 517 3341 vorsus,
535 3265 565 3329 in
582 3262 653 3330 Asia
669 3263 776 3349 majori
792 3265 919 3349 positam
946 3284 1012 3330 esse
1039 3272 1151 3330 constat
1166 3262 1223 3348 (l).

158 3369 243 3451 Quae
267 3370 305 3436 ab
328 3371 451 3437 Oriente
475 3371 582 3437 Rubro
607 3370 704 3448 Mari,
728 3369 858 3436 Arabiae
882 3370 1049 3455 Syriaeque
1072 3368 1225 3452 coniungi·

165 3493 378 3513 —n—-A

231 3556 271 3626 (l)
291 3555 321 3611 θ’
329 3570 412 3614 erano
430 3563 499 3614 state
516 3555 540 3614 le
557 3556 686 3624 Groclate,
705 3555 767 3612 anzi
784 3554 808 3612 le
827 3552 879 3611 dne
898 3553 991 3611 ultime
1013 3553 1037 3610 si
1058 3567 1142 3610 erano
1159 3552 1226 3608 fatte

153 3645 226 3702 nulle
245 3650 316 3702 terro
334 3643 521 3712 dell’Atlrioa,
546 3645 709 3701 nondimeno
728 3645 751 3701 si
768 3641 908 3715 seguitara
934 3657 1033 3698 ancora
1051 3641 1077 3696 la
1094 3639 1226 3714 geograsra

160 3733 188 3790 di
207 3732 305 3790 Oresio
323 3731 366 3789 del
384 3733 436 3790 415
454 3733 482 3790 di
500 3734 598 3791 Cristo.
611 3735 632 3790 ll
652 3733 770 3806 maggior
789 3732 907 3789 ostaeolo
919 3731 967 3788 ebe
979 3730 1108 3788 Columbo
1119 3730 1227 3788 dovette
1297 3776 1298 3781 ,

160 3822 315 3882 incontrato
333 3837 388 3878 non
412 3823 511 3880 turono
528 3823 537 3881 i
556 3824 638 3881 Venti
656 3840 670 3879 e
689 3823 724 3895 gli
742 3822 850 3890 Oceani,
869 3837 913 3878 ma
931 3823 955 3878 le
973 3821 1038 3878 false
1056 3820 1179 3894 opinioni
1197 3819 1226 3876 di

161 3911 251 3969 celero
262 3911 312 3969 cbe
325 3913 450 3971 attacceti
463 3912 489 3971 al
501 3920 613 3986 passam
624 3913 793 3986 rigetlerano
811 3911 873 3983 ogni
891 3926 1018 3984 progesso
1030 3911 1098 3968 delle
1111 3910 1225 3966 scionza.
