2970 4730
736 353 915 421 ..pq-,s

289 549 380 617 qnam
412 531 497 595 nobis
528 529 656 614 paradisi
686 529 787 594 locum
819 531 864 595 vel
895 527 1030 594 abditum
1062 537 1096 594 ot*
1121 528 1272 609 celatum,
1305 527 1354 596 vel
1473 569 1474 580 ,

289 656 414 722 prorsus
437 634 666 711 inacessibilem,
690 633 783 719 ejecto
807 642 929 718 propter
953 640 1108 720 peccatum
1132 632 1265 712 homine,
1283 654 1352 700 san·

289 742 367 808 xcrit
390 741 475 820 deus,
500 761 559 806 non
583 750 735 824 praeterea
759 741 916 825 imperavit
936 739 1016 805 illius
1031 758 1138 806 amnes
1160 739 1197 805 ad
1220 760 1276 806 nos
1293 761 1353 806 non
1473 729 1474 794 ἓ

290 847 434 914 delluere.
477 846 728 932 Quandoquidem
762 847 792 912 in
824 847 980 933 Assyriam
1016 855 1045 911 et
1081 847 1353 931 Mesopotamiam,

289 955 351 1020 dno
382 975 419 1020 ex
449 962 578 1040 quatuor
607 953 688 1018 illius
718 953 846 1037 paradisi
876 953 997 1030 lluviis,
1026 952 1136 1038 iugiter
1170 950 1354 1037 pergrandi
1473 957 1474 970 ,

289 1061 373 1124 alueo
406 1058 503 1122 llucre
537 1065 670 1133 constet,
705 1057 828 1142 Tygrim
863 1057 974 1122 scilicet
1011 1065 1041 1122 et
1071 1055 1237 1122 Eufratem.
1270 1057 1354 1135 Quae

229 1187 236 1198 ·
290 1165 359 1230 licet
384 1163 496 1250 jisdem
526 1163 580 1229 hac
614 1165 703 1230 etiam
736 1173 913 1250 tempestate
947 1164 1098 1231 vocabulis
1133 1167 1353 1250 perseverent,

290 1280 390 1336 tamen
420 1270 497 1336 sicut
519 1271 641 1356 Physon
664 1272 782 1357 primus
805 1273 938 1339 Paradisi
961 1271 1083 1352 lluvius,
1107 1273 1160 1358 qui
1183 1272 1266 1342 illam
1289 1269 1353 1337 ter·
1473 1345 1474 1362 ,

291 1397 354 1442 ram
386 1377 496 1462 irrigat,
522 1377 639 1462 Ganges
669 1386 737 1462 post
758 1379 795 1443 ab
818 1379 989 1445 auctoribus
1013 1387 1058 1444 est
1081 1385 1291 1464 nuncupatuS,
1316 1377 1355 1442 ita

291 1492 321 1549 et
343 1484 430 1568 Gyon
454 1483 541 1548 Nilus
575 1492 620 1549 est
653 1484 828 1568 appellatus.
860 1485 954 1550 Nobis
988 1482 1165 1569 prodidere,
1201 1481 1355 1569 quomodo

291 1589 379 1655 Nilus
401 1609 457 1674 per
480 1588 612 1655 ardentia
636 1588 775 1667 deserta,
798 1590 1009 1676 immensoque
1032 1588 1227 1675 longitudinis
1249 1588 1354 1673 spatio,

291 1698 322 1761 in
345 1703 480 1759 montem
502 1693 653 1761 inferioris
676 1695 872 1763 Mauritaniae
895 1695 1054 1774 derivans,
1086 1693 1166 1759 haud
1190 1695 1296 1779 procul
1318 1693 1355 1758 ab
1473 1685 1474 1762 ?

292 1803 419 1878 Oceano,
444 1800 576 1866 Nilidem
599 1801 697 1866 lacum
720 1801 810 1867 ellicit
833 1800 890 1887 (l).
914 1801 1022 1888 lhique
1045 1820 1078 1866 se
1111 1799 1213 1866 condit
1243 1799 1356 1885 aliquot
1473 1875 1474 1878 Ἴ

292 1905 411 1971 dierum
434 1906 563 1983 itinere,
594 1914 624 1969 et
656 1925 728 1970 mor
752 1924 931 1990 emergens,
961 1903 1076 1991 majore
1099 1904 1129 1970 in
1154 1903 1355 1970 Caesariensis
1473 1913 1474 1928 ³

292 2012 485 2082 Mauritaniae
509 2020 596 2096 gente
612 2012 677 2078 lacu
693 2031 815 2098 quoque
838 2011 966 2090 condito,
990 2010 1111 2076 tandem
1126 2010 1157 2075 in
1172 2008 1354 2094 Aethyopas,

292 2117 390 2204 (licet
412 2117 497 2202 prius
519 2117 618 2181 arenis
650 2115 822 2202 exceptus)
857 2117 1015 2202 errumpit.
1050 2117 1109 2196 Qui
1143 2114 1354 2182 1111111111-

292 2230 419 2288 scretam
442 2221 509 2286 lacit
531 2220 568 2285 ab
591 2219 777 2307 dethyopia,
802 2242 893 2308 quam
917 2231 947 2287 et
970 2221 1101 2289 mediam
1123 2220 1286 2299 interfluit,
1310 2221 1354 2285 in·

291 2346 434 2393 numeras
457 2345 535 2411 pene
556 2327 669 2392 insulas
693 2346 837 2413 spargens
860 2347 1021 2415 usquequo
1045 2327 1082 2394 ad
1105 2347 1211 2394 earum
1227 2326 1354 2392 clarissi-

291 2451 373 2498 mam
396 2433 550 2510 Moeroen,
574 2431 676 2517 rapida
699 2433 851 2498 celeritate
874 2432 1006 2518 perfluat
1027 2432 1213 2498 occidentem
1239 2451 1355 2498 versus.

291 2537 471 2626 Exindeque
494 2538 531 2604 ad
554 2539 801 2624 septemtrionem
823 2538 978 2617 inflexus,
1011 2539 1139 2624 Aegypti
1162 2539 1249 2624 plana
1280 2547 1355 2604 tem·

291 2645 413 2730 pestivis
429 2645 621 2728 incrementis
637 2645 762 2711 uberius
779 2645 919 2711 exundat.
938 2643 1033 2731 Cujus
1049 2645 1225 2711 incrementi
1242 2663 1354 2721 causas,

291 2760 321 2817 et
344 2751 369 2816 si
392 2751 486 2816 varias
509 2751 623 2836 antiqui
646 2751 733 2817 nobis
755 2750 962 2836 prodiderint,
987 2750 1061 2818 duas
1091 2759 1192 2816 tamen
1215 2748 1355 2834 probabi·

292 2897 505 2913 *Ψ-

363 2955 419 3025 (81)
437 2955 528 3042 Prjma
539 2954 609 3013 della
625 2957 763 3014 creanione
773 2957 843 3014 della
861 2954 1356 3028 8111111111131111111131111(1788)

291 3041 316 3098 si
327 3057 409 3115 coppe
426 3042 535 3100 intorno
553 3044 605 3100 alle
622 3045 721 3118 origini
739 3044 781 3102 dol
794 3046 857 3103 Nilo
869 3046 911 3101 cio
928 3046 978 3102 che
990 3061 1024 3102 ne
1042 3060 1181 3118 saperauo
1194 3043 1231 3117 gli
1243 3042 1357 3102 antichi.
1473 3055 1474 3076 ¹

291 3127 357 3201 Oggi
374 3129 439 3186 tutti
456 3145 604 3186 conoscono
631 3132 655 3188 le
675 3138 798 3205 cooperte
825 3130 854 3188 di
875 3131 977 3204 Speke,
997 3130 1025 3189 di
1043 3131 1144 3201 Grant,
1163 3130 1192 3188 di
1209 3129 1308 3210 Balser,
1327 3129 1356 3187 (11

291 3218 458 3290 Liringston,
477 3216 506 3273 di
523 3217 641 3290 Stanley,
660 3236 708 3292 per
726 3220 750 3276 le
768 3220 841 3292 quali
866 3220 889 3275 si
910 3235 977 3277 sono
995 3218 1167 3276 riconosoiuti
1185 3219 1195 3274 i
1213 3217 1267 3275 due
1285 3216 1358 3290 laglri

290 3307 341 3362 che
352 3305 442 3363 danao
460 3306 563 3379 origine
581 3309 608 3362 al
625 3308 689 3364 Nilo
701 3308 797 3364 blanco
815 3307 848 3364 od
866 3307 891 3364 11
909 3307 971 3366 Nilo
990 3307 1187 3366 mannasse
1205 3321 1357 3364 11111111

290 3393 396 3468 linqui
421 3394 473 3451 ·lu
490 3394 568 3452 lecito
587 3394 682 3452 vedere
700 3395 803 3469 piccolo
816 3395 835 3452 il
847 3395 918 3464 Nilo,
937 3395 980 3452 del
992 3411 1057 3468 gran
1075 3395 1173 3454 bacino
1191 3393 1304 3464 Niliaco,
1315 3392 1358 3467 git
1473 3405 1474 3450 1

291 3500 359 3540 sono
377 3483 434 3548 noti
447 3501 461 3540 1
473 3499 541 3556 poco
560 3500 662 3552 manca,
675 3484 685 3539 i
698 3483 797 3540 confini
816 3483 982 3542 occidentali.
994 3483 1038 3542 Ad
1056 3484 1158 3548 oriente
1169 3491 1212 3540 tra
1229 3482 1256 3540 11
1269 3481 1358 3542 media

291 3571 361 3628 valle
378 3571 483 3627 Niliaca
494 3587 509 3628 1
521 3571 738 3643 quell'lmmenso
755 3571 887 3643 triangulo
904 3571 954 3629 clre
971 3569 1122 3646 sporgendu
1140 3569 1359 3630 111111111111·
1473 3627 1474 3632 ,

290 3658 373 3714 diano
390 3659 414 3714 si
432 3668 555 3731 appunta
572 3660 599 3715 al
617 3661 691 3732 Capo
715 3658 876 3728 Guardalul,
895 3661 1044 3733 ranneggia
1061 3673 1161 3722 ancora
1178 3673 1233 3722 una
1250 3657 1358 3732 reglum
1473 3707 1474 3736 ,

291 3745 462 3818 inesplorata,
481 3750 692 3822 l'esplorazione
709 3751 778 3808 della
806 3752 886 3824 quale
904 3751 930 3807 11
948 3751 1052 3809 Societt
1070 3748 1224 3826 Geograllua
1243 3748 1364 3808 ltaliam
1473 3763 1474 3784 ¹

291 3834 328 3890 lra
345 3835 457 3893 risoluto
476 3837 502 3892 d’
515 3838 739 3911 intraprendere·
767 3842 863 3897 Ceturc
884 3839 1007 3897 Currenti
1024 3839 1180 3912 (1111111111
1208 3835 1271 3896 Xll.
1290 3837 1357 3894 Con·

292 3940 382 3997 grosso
393 3925 461 3998 degli
472 3927 614 3986 Scionziati
628 3929 734 3986 ltalianl
742 3928 876 3986 celebrato
886 3927 914 3986 in
928 3929 1050 3988 Palermo
1060 3927 1102 3988 111
1112 3925 1261 3992 Settembtt
1278 3925 1355 3994 1875)
