2970 4730
572 304 745 368 ..97-

121 481 239 568 pictura
269 479 409 566 plurimis
440 477 469 544 in
501 479 573 546 locis
605 478 704 546 ltaliae
734 477 821 544 nubis
852 486 986 544 ostentat.
1018 479 1082 545 Cati
1116 499 1187 546 vero

121 591 258 656 zibetum
282 589 443 655 sudoribus
466 589 633 654 emittentes
656 608 717 654 nou
739 607 896 674 nunquam
918 587 956 652 ad
979 588 1091 654 ltaliam
1116 607 1187 673 per·

121 697 173 764 lati
203 695 300 761 luere.
332 697 411 761 Sunt
439 704 540 762 autem
573 695 680 761 eoloris
714 694 874 772 subaerei‚
910 693 1185 780 magnitudinisque

121 801 217 866 trium
247 799 347 866 ferme
375 799 604 884 murilegorum.
635 799 841 884 Zorapbarum
872 817 967 884 genus
997 818 1089 884 quam
1120 798 1188 884 pul·

121 927 212 974 orum
234 915 265 972 et
287 905 470 983 delectabile,
495 905 576 992 quod
599 915 629 972 et
653 906 820 971 multorum
845 913 934 989 caput
960 904 1110 991 siquidem
1140 925 1188 970 oa-

122 1014 205 1079 melo
234 1033 315 1097 par,
345 1033 362 1078 a
385 1012 534 1078 ¹cornibus
565 1032 663 1098 usque
687 1011 725 1077 ad
748 1011 837 1078 orbes
864 1012 1032 1077 oculorum.
1056 1011 1187 1077 Cornula

119 1141 216 1208 quam
239 1122 383 1206 parvula,
414 1121 506 1186 veluti
536 1119 765 1205 cumprimum
789 1139 953 1205 erumpere
977 1127 1125 1204 ceperunt
1157 1116 1188 1182 in

122 1226 231 1303 cervis,
255 1226 309 1292 sed
332 1226 400 1312 pilis
422 1225 554 1310 obsepta.
579 1224 627 1291 Ab
650 1223 744 1290 oeulis
766 1223 805 1289 ad
828 1223 937 1290 rictum
961 1243 1071 1309 usquo,
1084 1243 1189 1289 oervo·

123 1350 195 1398 rum
218 1351 341 1418 quoque
365 1330 494 1416 figuram
516 1330 611 1416 magis
634 1328 845 1415 praetendunt.
869 1329 989 1395 Collum
1025 1329 1189 1414 oblongum

123 1446 249 1502 tenuem
273 1437 341 1501 satis
365 1436 579 1522 rigidumque,
610 1436 742 1502 ferentes
773 1436 937 1501 anteriores
961 1435 1069 1520 pedes,
1094 1444 1189 1502 mutae

122 1541 310 1627 proceritatis
344 1541 508 1618 habentes,
543 1549 577 1606 ut
611 1540 763 1626 quindena
795 1540 892 1606 ferma
926 1539 1024 1605 cubita
1057 1539 1187 1606 altitudi-

124 1649 171 1714 nis
193 1647 345 1732 atlingant.
370 1647 516 1712 Derivant
538 1654 640 1712 autem
665 1647 696 1712 in
727 1654 863 1712 extremo
886 1645 924 1711 ad
954 1646 1094 1712 bovinam
1124 1645 1189 1712 elli·

125 1755 226 1840 giem‚
259 1753 345 1839 cujus
376 1761 406 1818 et
436 1752 529 1818 oauda
559 1761 589 1818 et
623 1772 711 1818 aures
734 1771 801 1817 esse
825 1751 973 1817 videntur.
998 1751 1096 1818 Crura
1119 1771 1190 1820 vero

124 1859 239 1947 pedum
262 1858 447 1943 posteriora,
479 1856 633 1943 prioribus
663 1856 801 1922 breviora
824 1865 904 1922 sunt.
929 1857 1032 1923 Totius
1055 1858 1190 1949 eorporis

123 1965 250 2031 dorsum
274 1963 366 2029 voluti
388 1982 548 2028 cervorum
572 1963 675 2039 trium,
702 1961 750 2027 vix
772 1961 945 2028 cubitorum
967 1963 1101 2047 longum,
1129 1963 1190 2048 pol·

123 2070 189 2136 lens
220 2067 338 2134 variatis
369 2067 543 2146 coloribus,
576 2066 644 2133 rulo
674 2067 803 2155 alboque
834 2067 960 2134 ubilibet
991 2067 1190 2134 commixtum

122 2173 260 2239 Eximiae
283 2172 407 2259 quidem
430 2171 612 2258 pernicitatis
635 2173 753 2250 animal,
775 2173 857 2259 quod
879 2193 896 2238 a
919 2173 1040 2238 nemine
1056 2172 1188 2239 insederi

120 2299 211 2366 posse
234 2279 378 2365 equidem
399 2279 540 2345 arbitror.
565 2280 662 2366 Magis
685 2299 796 2365 nempe
826 2281 908 2347 oervi
938 2299 1029 2366 quam
1057 2279 1188 2366 jumenti

120 2406 195 2471 prae
229 2406 262 2452 se
296 2386 354 2451 fert
382 2395 529 2452 naturam.
565 2385 849 2472 Aegyptiorumque
883 2387 1012 2452 arietum
1046 2387 1185 2474 plerique

119 2502 219 2560 nume
242 2502 312 2558 sunt
334 2492 547 2578 magnitudinis
570 2501 662 2579 atque
687 2492 808 2570 virium,
824 2501 858 2557 ut
868 2491 909 2576 jis
932 2493 996 2558 viee
1018 2493 1092 2558 asini
1108 2493 1188 2558 inse·

120 2599 193 2664 dant
215 2599 373 2677 homines,
405 2618 599 2684 quocumque
631 2597 834 2663 deambulent.
865 2599 1002 2676 Quorum
1034 2607 1065 2664 et
1095 2599 1187 2676 tanti,

118 2705 265 2791 ponderis
285 2714 332 2770 est
353 2705 447 2773 eauda
468 2705 559 2792 quod,
573 2713 602 2770 et
624 2704 729 2789 viginti
752 2712 785 2769 et
805 2712 927 2769 centum
951 2704 1062 2770 libbras
1085 2703 1186 2790 pondo

121 2820 286 2897 exsuperet
307 2831 536 2897 saepenumero.
553 2810 600 2897 (l)
616 2811 822 2897 Reliquorum
839 2830 910 2876 vero
926 2811 1040 2886 alitum,
1056 2819 1107 2877 aut
1123 2830 1187 2878 mm

119 2926 224 2982 torum
248 2917 422 2983 animalium
453 2915 568 3001 speeies
601 2924 652 2981 aut
682 2934 794 2992 mores,
818 2914 932 3001 quibus
954 2914 992 2980 ab
1015 2913 1189 2982 bominibus

120 3022 352 3101 transferuntur,
370 3022 512 3108 quoniam
529 3021 646 3087 ethaeo
663 3021 701 3086 ad
717 3021 832 3088 ltaliam
855 3020 1056 3106 perferantur,
1072 3021 1187 3087 referre

120 3127 312 3214 superfluum
332 3128 445 3215 judico.
469 3128 624 3214 Multaque
648 3137 804 3212 praeterea
828 3126 932 3194 Indiae
954 3128 1134 3205 animantia,
1159 3136 1188 3192 ot

119 3235 266 3305 arborum
287 3235 413 3316 fruetus
437 3255 600 3324 moresque
615 3237 785 3317 bominum,
801 3256 891 3324 quae,
910 3237 994 3304 nobis
1015 3236 1189 3303 admiranda

194 3527 234 3599 (l)
255 3527 291 3586 lo
308 3543 404 3602 peoora
418 3530 448 3588 d'
460 3532 563 3592 Arabia
579 3533 672 3592 banno
690 3534 758 3592 ouda
775 3535 857 3609 lunga
875 3550 930 3592 uon
949 3549 1027 3591 meno
1045 3532 1073 3590 di
1090 3542 1131 3608 tro
1142 3549 1193 3593 cu·

120 3615 180 3685 bili,
200 3617 227 3673 la
243 3617 324 3690 quale
341 3635 370 3675 se
388 3619 446 3677 loro
464 3622 487 3678 si
506 3622 633 3679 laseiasse
652 3623 808 3691 nominare,
827 3639 856 3681 so
874 3624 901 3681 la
918 3622 1189 3680 soarnilieherebbero

122 3718 170 3775 per
188 3701 207 3759 il
228 3705 356 3762 eontinuo
367 3706 529 3765 strofinarla.
542 3709 586 3768 blo
605 3708 614 3765 i
632 3709 736 3783 pastori
754 3710 865 3767 lacendo
883 3710 926 3768 dei
945 3711 1054 3768 oarretti
1066 3709 1094 3767 di
1112 3710 1189 3784 legno

122 3789 286 3862 staganuoli
306 3793 356 3851 alle
374 3809 465 3868 grosse
483 3795 556 3867 eodo,
576 3796 688 3855 aiutooo
705 3797 723 3853 l'
738 3797 854 3855 animale
873 3815 889 3854 a
908 3799 1082 3870 lrasporlarle
1104 3829 1134 3843 -
1152 3802 1188 3858 b·

112 3879 217 3939 roboro
237 3879 307 3940 libro
325 3882 364 3940 5?

234 3972 253 4036 7
