2932 4728
550 397 596 422 -.
617 362 654 428 31
683 396 726 412 -

106 540 347 607 Christianorum
382 540 467 606 hoste
499 540 768 616 truculentissimo,
793 559 882 625 pace,
908 538 1050 605 traditum
1086 559 1169 616 esse,

104 649 297 734 insulamque
311 649 488 726 Stolimtoc's,
505 657 535 712 et
549 650 650 716 Matar·
666 650 831 712 brachium.
848 645 930 732 quod
943 647 971 710 iu
986 647 1171 731 Peloponeso

103 756 207 832 situm,
226 755 399 822 lrbminibus
416 755 580 840 oppidisve,
599 754 745 819 refertum
762 754 888 819 relatum
913 762 966 818 est.
989 753 1118 818 Centum
1142 761 1172 817 et

103 865 231 949 insuper
248 863 425 946 ducatorum
438 861 540 926 millia.
555 863 748 946 Demumque
761 880 857 946 quum
870 860 1003 945 exegerit
1014 860 1064 925 ille
1080 861 1169 946 quin·

103 971 246 1056 quaginta
271 969 468 1046 triremibus,
485 977 606 1054 ,armato
641 967 798 1053 completis
826 967 940 1043 milite,
973 967 1037 1031 sine
1060 966 1171 1031 auxilie

102 1086 207 1142 essent
222 1076 340 1144 Veneti.
365 1076 420 1142 Hic
444 1075 530 1140 nobis
546 1074 721 1159 deplorandi
737 1075 821 1139 locus
837 1074 992 1158 ingeritur,
1014 1083 1043 1138 et
1065 1073 1171 1158 iugens

103 1183 292 1248 Christianae
316 1183 453 1268 religioni
476 1182 560 1247 dolor
577 1182 712 1247 offertur.
729 1181 936 1250 llliseraudum
952 1181 1039 1265 plane
1063 1179 1118 1245 boc
1142 1187 1171 1244 et

100 1290 327 1356 atrocissimum
357 1290 549 1355 miseriarum
581 1309 693 1374 genus,
726 1287 807 1373 quod
839 1296 955 1352 nostros
978 1295 1045 1351 ante
1069 1285 1171 1352 oculos

101 1396 155 1462 hac
181 1405 357 1480 tempestate
381 1404 526 1461 versatur.
550 1395 637 1476 Quod
665 1395 751 1461 nobis
777 1393 908 1479 profecto
932 1393 1099 1458 verendum
1116 1399 1170 1467 est,

101 1521 138 1567 ne
155 1521 218 1566 una
235 1521 306 1566 cum
323 1501 428 1567 Grecis
444 1502 474 1565 in
490 1519 614 1568 manum
631 1500 680 1565 dei
697 1499 820 1564 viventis
836 1497 948 1583 pariter
965 1496 1170 1562 inciderimus.

100 1610 159 1690 Qui
186 1609 279 1673 iratus
302 1617 391 1693 atque
414 1616 576 1685 aversatus,
594 1607 760 1674 facinorum
784 1617 956 1673 nostrorum
976 1605 1169 1680 immanitate,
1223 1591 1230 1605 ’

100 1715 251 1780 ultionem
282 1735 353 1780 cum
383 1716 552 1782 adversario
583 1717 793 1782 cruentissimo
823 1715 861 1780 de
892 1715 978 1780 nobis
1010 1723 1170 1779 exacturus

98 1823 146 1900 sit,
173 1823 351 1907 utinamque
376 1823 457 1909 quod
472 1824 557 1890 brevi
581 1843 640 1888 non
664 1823 718 1888 hes
734 1823 791 1908 ipsi
811 1842 971 1889 cernamus
994 1822 1079 1888 dies..
1096 1821 1170 1900 Quis

100 1929 184 1994 enirn
208 1929 325 1994 cladem
348 1930 428 1995 illius
451 1931 605 2015 temporis,
629 1929 698 2015 quis
721 1929 808 1995 laudo
832 1929 938 1995 lunera
969 1929 1098 2014 explicet
1120 1936 1170 1992 aut

100 2055 233 2121 aequare
257 2035 418 2121 lachrymis
441 2037 534 2121 possit
557 2037 699 2103 dolores‘l
723 2039 824 2116 Quum
849 2023 999 2102 subactam
1024 2057 1040 2100 1
1063 2035 1170 2100 Tuscis

100 2143 218 2207 ltaliam
250 2140 297 2226 (l)
325 2143 467 2227 sanguine
491 2142 657 2219 madefieri,
682 2143 840 2208 immensis
863 2143 979 2227 oppleri
1003 2141 1169 2227 stragibus!

100 2251 135 2314 ln
159 2248 304 2314 caedibus
329 2250 446 2312 nullum
462 2247 625 2314 discrimen
642 2269 733 2314 sexus
758 2250 804 2314 vel
821 2249 923 2314 aetatis
946 2248 1168 2323 contuebimur,

99 2483 169 2528 cere
194 2463 302 2526 oculus
325 2471 475 2547 nequeat,
500 2470 529 2526 et
560 2460 665 2526 audire
696 2461 815 2526 animus
839 2461 1048 2546 perhorrescat
1071 2463 1168 2526 conta·

99 2569 280 2653 bescatque,
306 2569 397 2632 simul
419 2587 524 2632 ornnes
547 2568 681 2651 eorporis
705 2588 812 2632 sensus
835 2577 987 2632 tantorum
1010 2567 1169 2632 acerbitate

99 2675 275 2740 malorum!
300 2672 419 2757 Quippe
442 2671 478 2737 ad
501 2671 616 2737 ltaliam
639 2691 694 2756 per
717 2691 811 2756 quam
832 2671 917 2736 facile
941 2669 1169 2756 ingrediendam

99 2779 276 2845 infidelibus
300 2778 440 2863 patefacta
464 2787 509 2844 est
532 2779 639 2853 ianua,
671 2797 703 2842 ac
728 2777 817 2842 veluti
842 2777 878 2842 ad
903 2777 1073 2862 ingressum
1098 2796 1167 2860 por·

99 2897 180 2952 recta
202 2905 321 2950 marrus.
345 2884 420 2966 Quia
445 2885 588 2950 Scutrunc
603 2883 746 2948 traditum
773 2891 818 2947 est
842 2883 895 2961 eis,
913 2893 943 2948 et
958 2882 1045 2948 nobis
1068 2882 1169 2950 ltaliae

101 3107 320 3124 1-1-

99 3224 289 3291 soggettarono
308 3235 323 3274 a
342 3217 484 3276 sborsarne
505 3221 537 3275 10
556 3219 619 3276 mila
639 3219 684 3276 all’
696 3235 767 3276 anno
786 3236 833 3292 por
852 3219 948 3292 gedera
972 3220 1033 3278 dell'
1051 3220 1169 3296 assoluta

98 3307 252 3378 franebigia
271 3323 397 3363 concessa
414 3308 456 3364 dal
476 3307 587 3364 Sullano
606 3309 631 3364 al
651 3309 817 3366 commercio
837 3309 949 3366 Veneto.

173 3412 214 3483 (1)
233 3411 281 3466 Cio
301 3412 435 3468 aaronica
456 3427 491 3468 uu
511 3427 583 3467 anno
612 3412 661 3483 piu
682 3412 761 3468 tardi.
778 3413 923 3470 llaouretto
936 3413 960 3468 ll
979 3411 1013 3468 ad
1032 3420 1088 3469 arte
1101 3427 1169 3467 evea

99 3502 167 3558 11110
186 3517 312 3572 spargere
330 3501 356 3556 la
375 3517 440 3558 voce
459 3502 507 3559 che
525 3502 534 3558 i
553 3501 682 3557 Cristiani
701 3501 727 3557 d'
742 3502 821 3557 ltalia
839 3501 982 3558 sarebbero
1006 3500 1082 3576 liberi
1100 3500 1169 3556 nelle

99 3592 158 3648 loro
176 3591 315 3657 eredenze,
334 3610 348 3649 e
367 3594 444 3648 molti
463 3593 560 3650 suldati
579 3592 640 3648 dell'
654 3593 766 3648 coercito
784 3593 953 3664 napoletan0,
973 3610 989 3649 o
1007 3595 1060 3648 naal
1079 3591 1168 3664 pagati

99 3695 184 3752 oper
203 3680 262 3735 fara
286 3679 402 3748 fortuna,
417 3697 567 3752 passarono
585 3680 610 3737 ai
633 3679 743 3736 Turcbi.
766 3681 879 3754 Ripresa
904 3681 1018 3738 Otrauto
1042 3696 1079 3737 un
1098 3696 1169 3736 anno

99 3767 170 3840 dopo
191 3768 284 3838 (1181)
304 3770 377 3825 molti
397 3770 497 3826 Turcbi
517 3785 625 3841 presero
644 3769 759 3825 servizio
778 3769 839 3826 nell'
852 3770 965 3827 esercite
983 3786 1135 3844 aragonese,
1154 3787 1168 3826 e

99 3859 151 3914 600
169 3857 198 3914 di
218 3859 272 3914 essi
291 3874 408 3916 vennere
427 3859 512 3916 anche
531 3875 546 3915 a
565 3860 681 3916 Ferrara
705 3858 836 3918 assoldati
860 3859 905 3918 dal
927 3862 1001 3918 Duce
1021 3859 1114 3917 Ereole
1134 3858 1168 3914 l.⁰

99 3948 146 4005 ebe
165 3949 262 4007 lacera
281 3949 363 4006 allora
382 3966 478 4022 guerra
499 3966 514 4007 1
533 3951 660 4032 Veneria.
