2932 4728
736 369 913 444 ..ag-

295 555 499 642 depascentes.
530 556 661 622 Tametsi
695 555 860 622 crocodilos
895 549 1138 639 ipse‘viderim,
1176 553 1361 620 draconibus

293 663 418 728 omnino
442 671 560 746 praeter
583 663 643 726 alas
667 660 810 747 virusque
834 660 1021 738 simillimos,
1045 658 1186 725 ardentes
1210 659 1305 727 oculis
1328 669 1362 725 et

293 767 467 853 sanguineis
485 765 586 852 jubis,
611 765 695 830 sibila
724 765 798 831 colla
829 765 985 841 tollentes,
1013 765 1165 850 spirisque
1187 763 1361 850 ingentibus

295 892 328 938 33
352 891 384 937 33
407 872 438 936 13
461 891 514 936 sua
537 871 675 936 membra
691 871 843 955 plicantes,
860 869 1053 955 sinuosisque
1069 868 1207 934 llectibus
1222 868 1362 935 lamben-

296 986 358 1056 133,
382 978 507 1043 maculis
530 987 612 1062 terga
646 978 816 1055 districtos,
840 979 1021 1064 ceruleaque
1056 977 1176 1043 llamma
1199 978 1361 1054 331131133,

295 1082 379 1146 mille
403 1083 552 1149 trahentes
577 1085 671 1150 varios
705 1084 831 1150 adverso
854 1085 917 1150 solc
952 1085 1077 1150 colores.
1101 1084 1220 1169 Quique
1254 1092 1363 1148 natura

295 1205 392 1270 angue
416 1188 640 1273 voluptuosius,
665 1189 725 1256 Nili
749 1187 861 1255 lluenta
885 1189 1024 1255 denotant
1048 1196 1077 1252 31
1107 1187 1217 1254 deserti
1240 1187 1362 1254 bibulas

295 1295 438 1362 incedunt
457 1319 572 1364 arenas.
597 1300 784 1385 Regularum
807 1309 909 1366 autem
935 1307 964 1365 et
987 1297 1198 1383 hujuscemodi
1228 1315 1363 1361 venena·

295 1409 396 1467 torum
408 1403 608 1469 animantium
624 1405 758 1470 cavernis
778 1413 883 1471 cuncta
899 1423 994 1491 paene
1011 1403 1155 1468 heremus
1171 1400 1280 1467 3313313
1304 1409 1362 1466 331.

384 1510 567 1576 1331331333.
598 1510 639 1576 At
669 1530 706 1576 ne
737 1531 861 1597 sempor
892 1512 948 1576 lata
972 1510 1084 1576 deserti
1108 1508 1249 1593 planicies
1272 1528 1362 1592 pera·

293 1622 419 1698 grantur
441 1614 476 1680 ad
501 1617 582 1701 Syna
613 1635 732 1702 usque,
761 1617 843 1682 nulla
874 1616 998 1682 collium
1021 1614 1210 1680 montiumve
1234 1613 1363 1698 interpo

295 1718 425 1783 sitione‘l
449 1719 498 1805 (1)

383 1824 564 1892 3113333333.
587 1828 663 1892 Tres
687 1837 854 1913 quatuorve
877 1826 941 1892 dies
965 1826 1028 1912 ipsa
1055 1825 1201 1910 porgitur,
1225 1823 1313 1909 cujus
1330 1823 1363 1888 in

296 1929 452 1994 dexteram
474 1930 713 1998 mediteraneum
737 1943 782 1998 est
810 1951 913 2010 mare,
935 1931 1040 1996 decem
1064 1930 1203 2015 vigintive
1226 1929 1363 1994 millibus

296 2054 440 2120 passuum
471 2037 614 2102 asemita
645 2037 766 2102 distans.
790 2040 825 2105 ln
856 2038 969 2104 laevam
995 2046 1097 2103 autern
1128 2036 1201 2102 celsi
1231 2035 1363 2101 Arabiae

295 2148 423 2215 montes,
448 2139 501 2225 qui
524 2140 610 2225 longa
626 2141 860 2226 prospiciuntur.
887 2142 986 2208 Colles
1009 2161 1092 2219 vero,
1109 2141 1179 2206 etsi
1202 2139 1363 2226 aliquando

296 2265 312 2310 a
334 2243 540 2330 gradientibus
563 2255 821 2313 transmeerentur
837 2257 898 2314 1333
921 2248 1052 2315 humiles
1075 2257 1154 2326 sunt,
1179 2248 1217 2312 ita
1241 2266 1312 2312 sane
1329 2255 1364 2311 ut

296 2349 354 2416 hoc
376 2350 623 2435 peregrinationis
646 2351 703 2416 iter
718 2352 835 2436 placido
851 2353 921 2419 satis
944 2371 1050 2437 gressu
1074 2360 1202 2429 meetur,
1225 2350 1363 2437 quando-

295 2455 421 2542 quidem
445 2477 500 2522 nec
515 2457 637 2522 arrectis
653 2458 772 2543 alpibns
790 2459 833 2525 via
849 2459 951 2537 ardua,
968 2480 1028 2525 non
1052 2459 1184 2544 lapsibus
1207 2478 1363 2545 praeceps,

297 2583 356 2628 non
378 2562 457 2629 13133
479 2572 596 2630 montes
619 2573 752 2650 angusta,
778 2585 838 2630 non
866 2565 1016 2632 imbribus
1039 2566 1170 2643 lubrica,
1194 2567 1246 2652 qui
1269 2584 1364 2651 quam

296 2689 366 2734 raro
388 2667 550 2735 admodum
574 2669 650 2735 istuc
673 2669 836 2748 decidunt,
864 2669 938 2736 13333
960 2670 1071 2737 Arabia
1095 2671 1212 2736 deserta
1235 2671 1363 2736 inculta·

296 2795 356 2860 que
379 2777 511 2860 perraris
534 2776 755 2861 tuguriunculis
773 2777 970 2862 tentoriisque
986 2777 1103 2842 Arabes
1125 2777 1268 2842 incolunt.
1292 2775 1362 2857 Qui,

297 2901 416 2967 quaque
439 2902 526 2948 mens
549 2882 671 2948 duxerit
694 2883 895 2960 ecferuntur,
917 2883 1030 2970 quippe
1054 2902 1105 2950 eos
1129 2903 1167 2949 33
1191 2883 1285 2948 Cham
1300 2881 1367 2948 filio-

297 2987 362 3051 Noe
385 2987 532 3070 prodiisse
556 2988 654 3054 divina
670 2989 789 3075 perhibi
805 2991 963 3074 scriptura.
985 2989 1044 3068 Qui
1059 2988 1155 3054 Cham
1178 3009 1248 3054 curn
1271 2988 1363 3073 patris

296 3093 427 3158 verenda
450 3094 559 3160 nudata
582 3115 641 3161 non
665 3097 799 3174 texisset,
816 3097 846 3162 id
863 3097 1080 3162 contumeliose
1103 3116 1137 3162 ao
1152 3095 1300 3162 ludibrice
1315 3093 1366 3160 ha-

296 3196 421 3277 buisset,
444 3199 619 3265 maledictus
643 3210 721 3266 3313
738 3203 837 3279 Ρ3133,
861 3202 914 3288 331
938 3187 1082 3267 abdicavit
1098 3210 1127 3266 et
1143 3201 1258 3286 expulit
1280 3218 1363 3266 eum.

303 3345 520 3362 m

367 3404 406 3475 (l)
427 3402 568 3460 L’Arabia
590 3403 626 3460 133
649 3405 729 3478 pochi
748 3406 849 3474 monti;
868 3412 1016 3463 3333113313
1028 3405 1053 3460 31
1065 3405 1100 3460 N.
1118 3403 1150 3461 0.
1163 3404 1233 3461 dore
1250 3403 1272 3460 31
1285 3411 1367 3461 hora

288 3491 329 3548 ’13
341 3501 436 3550 331333
454 3492 496 3550 del
525 3493 602 3550 Sinal
626 3493 658 3552 ed
677 3494 696 3552 il
719 3504 809 3553 monte
832 3496 933 3564 Horeb,
953 3494 985 3552 ed
1009 3495 1033 3550 al
1057 3493 1084 3551 S.
1103 3493 1134 3550 0.
1153 3495 1196 3551 331
1214 3493 1325 3550 Yemeu.
1344 3492 1369 3548 ll

297 3589 373 3638 33313
392 3581 454 3638 dell’
468 3583 571 3640 Arabia
590 3585 604 3640 e
623 3598 677 3640 una
700 3585 815 3658 pianum
834 3585 961 3642 sabbiosa
978 3603 992 3642 3
1010 3584 1123 3652 (1333313,
1142 3584 1212 3640 33113
1229 3583 1308 3656 33313
1326 3598 1370 3639 re·

288 3666 348 3740 'gna
366 3669 386 3726 il
405 3671 523 3729 terribile
542 3680 622 3730 vento
642 3673 736 3730 Simun
757 3703 790 3714 -
810 3675 846 3730 Le
863 3674 971 3746 spiagge
984 3673 1025 3730 del
1049 3689 1123 3730 33333
1141 3688 1207 3729 3333
1225 3673 1251 3728 di
1265 3671 1369 3744 grande

296 3757 415 3813 fertiliter.
434 3758 476 3815 Gli
495 3760 570 3816 arabi
588 3759 715 3817 ricordati
734 3758 796 3814 dall’
810 3768 913 3826 autore,
932 3761 1045 3818 abitanti
1064 3771 1135 3818 sotto
1154 3762 1177 3818 le
1195 3759 1275 3817 tende
1293 3759 1371 3816 3133

297 3842 306 3898 1
325 3841 424 3915 dirupi,
443 3847 536 3902 33331
555 3846 683 3915 Beduini,
702 3845 800 3918 popolo
821 3853 941 3914 3333313,
960 3847 1085 3920 ospitale,
1107 3863 1150 3904 ma
1169 3846 1254 3904 anche
1272 3859 1371 3918 spesso

298 3930 393 3986 lerooc.
