2970 4730
732 356 907 427 -80-

285 539 452 608 viventium
468 539 627 606 hominum
642 536 873 620 exprimantur?
889 536 1035 602 Fortassis
1051 552 1089 600 ne
1112 534 1194 600 illius
1218 533 1356 610 Phidiae,

286 668 380 736 quem
403 648 433 713 ln
456 644 588 713 caelandi
611 654 674 711 arte
697 646 740 711 sic
772 643 911 712 efflorere
933 654 1066 711 oratores
1088 643 1301 711 concelebrant
1324 649 1360 708 ut

287 754 428 842 superius
451 754 492 819 nil
515 752 583 820 addi
607 756 728 842 possit‘l

373 861 554 928 Alexander.
579 861 634 928 lici
657 871 792 930 vetustae
824 861 1009 941 admodum,
1033 881 1111 948 qnae
1133 858 1214 926 haud
1238 858 1359 924 redacta

286 967 317 1033 in
340 966 522 1051 scriptorum
546 969 751 1035 monumentis
767 969 919 1036 invenitur
935 987 994 1035 non
1018 968 1089 1033 satis
1111 965 1199 1033 nobis
1220 975 1359 1032 constare

286 1082 405 1158 potest,
430 1083 533 1139 utrum
557 1094 574 1140 e
598 1075 720 1142 Graecis
742 1075 875 1152 Phidias,
899 1096 936 1142 an
959 1096 997 1143 er
1011 1075 1164 1160 Aegyptiis
1186 1091 1357 1138 marmora·-

286 1181 349 1246 rius
372 1180 522 1266 quispiam
545 1182 715 1261 caelaverit,
734 1194 798 1250 tum
822 1185 1001 1270 praesertim
1025 1182 1180 1268 Aegyptiis
1203 1181 1277 1264 ipsrs
1292 1198 1356 1245 cer·

286 1286 416 1353 tantihus
436 1289 542 1353 multis
558 1309 707 1356 annerum
723 1292 867 1368 millibus,
885 1291 1026 1378 pingendi
1043 1287 1236 1374 caelandique
1261 1286 1359 1352 scien·-

287 1385 357 1468 lias,
389 1392 458 1478 plus
480 1393 560 1478 apud
583 1414 615 1460 se
637 1395 730 1461 inisse
761 1415 853 1482 quam
884 1394 965 1481 apud
997 1395 1138 1461 Graecos.
1162 1393 1242 1457 Haec
1265 1390 1359 1476 igitur

285 1497 414 1583 Aegypti
438 1499 596 1584 sculptilia,
613 1500 741 1566 candido
764 1501 795 1566 in
820 1520 972 1566 marmore
993 1499 1112 1576 caelata,
1135 1496 1263 1562 mirilico
1287 1495 1358 1580 qui·-

286 1601 357 1668 dem
380 1603 498 1687 ingenio
521 1602 813 1693 diligentissimeque
837 1603 993 1691 imaginata
1017 1603 1120 1680 luere,
1144 1611 1178 1667 ut
1201 1601 1225 1666 si
1248 1601 1357 1684 pauluss

286 1708 350 1773 lum
373 1707 410 1773 ah
434 1708 470 1773 iis
492 1720 663 1776 summotus
685 1711 788 1788 lucris,
814 1732 848 1777 ea
872 1710 958 1797 quasi
982 1709 1083 1774 vivere
1107 1717 1257 1773 autumes.
1274 1707 1358 1785 Que-
1475 1715 1476 1740 ³

286 1837 356 1883 rum
378 1818 510 1903 insignes
543 1818 654 1886 formas
677 1820 931 1907 admirandasque
951 1819 1038 1905 juvat
1073 1816 1208 1903 prolecto
1232 1835 1281 1880 me
1306 1835 1358 1899 pa·

286 1943 412 2009 rumper
435 1945 605 1993 recensere.
629 1930 664 1995 ln
688 1928 795 2014 primis
830 1946 960 2013 nemque
996 1924 1078 1990 varie
1113 1923 1231 1990 formati
1257 1918 1358 1988 vultus

285 2040 364 2107 sunt,
389 2033 593 2117 respicientes,
618 2035 836 2120 suspicientes,
860 2033 1141 2118 despicientesque,
1167 2029 1240 2095 nudi
1265 2047 1358 2115 quam

285 2135 419 2221 plurimi,
444 2138 595 2202 nonnullis
620 2159 690 2204 vero
714 2140 827 2224 rugatis
851 2138 985 2203 vestibus
1009 2136 1116 2212 induti,
1140 2135 1254 2200 abrasis
1276 2135 1357 2219 capi·

285 2239 365 2306 tibus
388 2241 451 2307 lere
475 2261 598 2319 umnec,
623 2247 764 2330 perpauci
789 2255 891 2312 autem
915 2243 1100 2310 tenuissimis
1125 2243 1217 2308 veluti
1240 2241 1358 2324 capillis

285 2347 390 2413 ornati.
415 2347 632 2436 Capitibusque
667 2353 890 2438 propemodum
921 2351 1049 2418 obducta
1084 2360 1173 2426 cute,
1209 2348 1358 2433 venisque

284 2455 459 2540 plusculum
482 2457 614 2542 prolatis,
638 2459 845 2525 admirandam
869 2468 1017 2525 ostentant
1039 2455 1162 2523 artificis
1187 2455 1357 2520 artemo-

285 2561 345 2626 culi
368 2571 468 2629 autem
491 2565 608 2630 venusti
632 2566 712 2641 satis,
737 2566 949 2651 vivacibusquc
973 2564 1118 2640 scintillis,
1144 2563 1232 2648 (quas
1255 2561 1357 2647 pupil-

285 2668 328 2733 las
351 2670 574 2756 nuncupamus)
597 2672 740 2738 cernendi
764 2693 872 2738 sensus
896 2692 967 2757 prae
984 2691 1016 2736 se
1033 2669 1144 2745 ierunt,
1162 2688 1196 2735 ac
1220 2688 1254 2734 ea
1278 2685 1358 2753 quae

285 2775 358 2840 ieris
381 2786 460 2852 sunt,
477 2787 578 2844 mente
595 2779 788 2864 transpicere.
813 2779 853 2845 At
876 2778 1034 2844 oculorum
1058 2777 1147 2843 orbes
1171 2775 1240 2860 puri
1265 2783 1296 2839 et
1319 2774 1357 2838 li·

285 2880 370 2965 quidi
394 2881 529 2948 humeris
545 2885 627 2970 pleni
643 2905 710 2950 esse
727 2885 877 2960 videntur,
894 2884 1044 2970 fibrisque
1062 2883 1193 2969 respersi
1211 2881 1357 2966 parvulis.

284 2986 447 3050 Caeterum
470 2997 499 3052 et
522 2991 754 3074 superciliorum
785 2989 897 3072 fastigia
921 2990 991 3075 pilis
1015 2988 1106 3054 veluti
1130 2986 1274 3052 brevibus
1298 2986 1356 3050 mi·

285 3091 369 3158 rihce
392 3093 532 3160 adornata
566 3107 742 3163 cernuntur.
767 3097 1047 3182 Palpebrarumque
1082 3094 1192 3179 pariter
1223 3092 1275 3177 pili
1301 3112 1358 3156 suo

283 3197 390 3263 ordino
425 3199 489 3276 siti,
525 3201 715 3286 sculptilibus
746 3201 864 3267 decoris
897 3201 1064 3286 plurimum
1098 3199 1221 3264 addunt.
1255 3197 1357 3263 Aures

284 3324 379 3384 vero,
403 3314 436 3372 ut
459 3305 589 3373 molliori
611 3308 780 3392 cartilagine
803 3308 1032 3392 circumseptae,
1056 3306 1135 3371 cavis
1158 3304 1275 3370 sinibus
1298 3323 1356 3368 nu·

283 3405 392 3496 disque
416 3423 445 3480 et
467 3414 577 3499 apertis
601 3423 701 3498 patent
723 3412 942 3489 foraminibus,
967 3413 1052 3499 qnasi
1077 3408 1251 3478 hauriendis
1276 3409 1357 3474 voci-

285 3516 351 3598 hus
367 3528 533 3605 promptae.
558 3520 656 3586 Nasus
680 3521 795 3606 aequali
820 3529 975 3606 porrectus
994 3518 1084 3605 juge,
1109 3519 1205 3586 simus
1228 3537 1357 3584 curvus·

283 3641 356 3706 qne,
381 3645 575 3711 nonunquam
606 3626 700 3691 aciem
725 3626 867 3692 discernit
901 3635 1071 3711 utramque.
1096 3624 1191 3711 Cujus
1223 3624 1281 3689 sub
1305 3643 1357 3688 na-

231 3753 234 3761 ·
285 3727 370 3794 rihus
393 3731 496 3797 lacuna
520 3733 593 3798 levis
616 3732 654 3797 ad
678 3732 790 3797 lahiave
814 3732 1013 3806 descendens,
1039 3732 1173 3817 speciem
1197 3730 1278 3796 idolo
1295 3751 1357 3796 nen

286 3833 442 3901 minimam
465 3837 559 3904 allent.
578 3841 732 3906 Generum
752 3847 853 3904 tumor
878 3840 1043 3906 clementer
1067 3857 1233 3923 exsurgens
1259 3837 1356 3904 vario-

283 3955 346 4022 que
369 3941 468 4005 celore
499 3942 651 4025 signatus,
676 3943 827 4027 speciosos
858 3943 1022 4009 admodum
1053 3941 1144 4009 efficit
1175 3943 1287 4008 rullus.
1314 3942 1357 4007 Os
