2970 4730
583 333 760 398 -llll-

142 506 348 576 testimonium
374 507 413 572 sit
442 504 523 572 omni
553 505 650 592 majus
681 504 865 592 exceptione.
889 505 948 576 Vel
978 506 1004 574 si
1034 506 1202 574 secundum

20 621 21 636 ¹
140 615 263 682 forsitan
286 613 459 699 sumpserit,
484 622 549 679 tum
570 612 734 679 identidem
757 632 828 680 cum
850 612 978 680 muliere
998 623 1063 700 agat
1077 615 1202 681 Falche·

140 720 204 785 rius
221 719 363 805 (l)‚'qui
381 719 440 785 illis
462 728 508 785 est
531 720 623 784 veluti
643 717 853 804 parroechialis
868 720 949 804 apud
965 740 1019 786 nos
1039 721 1201 805 presbiter.

141 825 201 890 Sed
226 824 257 890 id
279 824 414 902 minime,
430 825 488 890 nisi
505 825 765 910 conspectantibus
787 825 870 903 viris,
894 825 1006 912 quibus
1029 825 1201 892 omnimoda

140 931 178 996 sit
200 930 277 995 fides
299 929 445 996 habenda.
470 931 534 998 Tali
557 931 728 1009 concubitu,
752 931 839 1016 quasi
861 931 899 996 ab
914 931 996 997 omni
1012 932 1062 997 lue
1078 931 1203 1000 divorcii

138 1033 304 1120 purificata,
328 1053 383 1100 suo
406 1034 640 1101 cohereatviro.
665 1036 728 1100 llae
754 1035 880 1121 quidem
903 1036 994 1121 leges,
1018 1035 1091 1102 haec
1118 1036 1203 1102 insti·

20 1123 21 1138 ¹
138 1148 211 1216 tuta,
228 1137 302 1204 haec
316 1139 387 1204 scita
403 1138 630 1206 llahumetanae
654 1138 817 1224 religionis,
842 1147 894 1205 aut
915 1139 1014 1224 potius
1037 1141 1204 1206 scelerosae

20 1255 21 1272 ¹
137 1243 371 1329 profanationis,
394 1243 505 1329 quibus
528 1243 670 1329 coniuges
694 1244 874 1330 quotidianis
898 1244 1003 1330 iurgiis
1025 1255 1056 1311 et
1078 1265 1202 1314 concer-

20 1345 21 1350 ’
136 1348 297 1414 tatiouibus
319 1347 474 1413 acerrimis
495 1347 624 1413 invicem
641 1346 820 1414 dissidentes
835 1368 869 1415 ec
883 1349 1009 1434 repudia
1024 1348 1203 1430 iactitantcs3

20 1449 21 1452 ’
136 1474 154 1518 e
172 1453 397 1538 magistratibus
419 1453 623 1519 conciliantur.
647 1453 810 1520 Caeterum
833 1473 889 1520 nec
911 1455 1071 1533 insulsum,
1099 1456 1203 1522 minus

135 1558 254 1625 fatuum
276 1560 454 1627 Maurorum
477 1568 523 1625 est
545 1559 722 1637 decretum,
758 1579 819 1646 quo
841 1558 878 1627 ad
901 1580 1059 1627 summum
1080 1561 1203 1646 imperii

135 1663 288 1750 lastigium
303 1683 358 1750 per
373 1664 550 1731 electionem
572 1684 664 1731 suum
686 1665 857 1752 pervehunt
879 1685 993 1752 regem,
1016 1685 1110 1754 quem
1134 1667 1202 1734 Sol-

20 1767 21 1776 ’
136 1770 252 1836 danum
275 1779 459 1855 nuncupant.

145 1908 149 1914 ·
173 1903 176 1906 ·
224 1879 404 1942 Lodooicco.
427 1879 529 1947 Mores
552 1887 582 1945 ct
603 1877 738 1944 instituta
760 1878 839 1946 bene
862 1876 992 1965 agendae
1015 1879 1112 1960 vitae,
1134 1888 1203 1948 tum

134 1983 174 2050 sb
196 1983 338 2049 omuibus
361 1985 472 2050 melius
494 1985 582 2062 tueri,
605 2004 639 2050 ac
661 1985 771 2052 lautius
794 2005 916 2071 semper
938 1986 1097 2053 arbitratus
1120 2004 1201 2064 sum,

134 2088 318 2167 Alexander,
335 2110 432 2176 quum
448 2090 542 2176 isqui
560 2110 654 2176 regno
670 2099 781 2175 preest,
798 2101 828 2157 et
843 2091 988 2179 probitate
1004 2100 1035 2158 et
1049 2091 1202 2177 sapientia,

134 2193 336 2280 civilibusque
358 2194 472 2260 artibus
496 2194 631 2261 imbutus
649 2195 702 2260 sit.
725 2194 835 2282 Neque
850 2214 962 2280 nempe
977 2195 1142 2262 obscurum
1158 2203 1203 2264 est

134 2318 233 2387 quum
265 2299 390 2365 virtutes
413 2318 446 2365 ac
469 2300 538 2364 vitia
570 2301 650 2386 regis
681 2301 812 2379 imitari,
844 2320 939 2387 genus
969 2301 1105 2388 obsequii
1136 2320 1202 2369 esse

133 2412 239 2490 putat,
263 2422 324 2468 nex
347 2403 529 2488 exprobrare
554 2404 619 2489 regi
642 2404 741 2470 scelus
764 2404 922 2471 videatur:
946 2405 972 2470 si
994 2405 1044 2489 pie
1067 2406 1202 2471 viverent

134 2517 165 2575 et
193 2509 426 2594 praestantiores
456 2529 491 2575 se
520 2526 587 2574 esse
618 2508 843 2576 contenderent.
875 2511 1019 2595 Magnum
1049 2509 1200 2596 siquidem

132 2614 275 2681 omnibus
297 2614 482 2700 praesidium
505 2614 541 2680 ad
565 2615 643 2681 bene
666 2613 815 2701 beateque
839 2614 1013 2692 vivendum,
1026 2614 1094 2680 sibi
1116 2633 1198 2696 conr7

130 2729 217 2808 parat
240 2719 327 2804 probi
350 2719 494 2806 principis
517 2721 585 2786 vita.
609 2723 707 2801 Quam
730 2721 879 2799 obrem,
902 2720 1054 2787 honorum
1077 2728 1198 2785 cuncto·

130 2846 203 2894 rum
227 2834 258 2892 et
280 2825 370 2891 totius
392 2825 554 2911 sapientiae
577 2826 688 2905 cardo,
719 2827 751 2892 in
782 2847 841 2894 una
871 2845 992 2913 quaque
1023 2825 1198 2911 repubblica

131 2952 275 3019 regnove,
291 2931 367 2998 mibi
383 2933 496 2998 versari
518 2930 648 3010 videtur,
671 2933 697 2998 si
720 2933 898 3020 praestantis
921 2932 978 2998 viri
1002 2931 1117 3009 electio,
1143 2930 1199 2998 rite

130 3039 284 3125 rectisque
305 3039 442 3105 moribus
472 3037 564 3104 fuerit
593 3038 736 3105 instituta.
769 3038 891 3106 Soldani
922 3056 994 3123 ergo
1025 3035 1197 3122 provectio,

130 3145 253 3232 quibus
277 3143 383 3210 ordine
406 3144 454 3210 vol
477 3143 605 3210 decretis
628 3143 662 3210 fit
684 3165 701 3210 a
723 3145 865 3215 Mauris?

138 3285 141 3294 v
216 3249 401 3317 Alocoeder.
432 3249 555 3316 Sublata
585 3248 634 3316 dei
664 3251 828 3336 religione,
863 3251 964 3317 divino
998 3250 1192 3331 humanoque

130 3356 240 3422 timore
262 3356 420 3441 propulso,
444 3375 505 3422 non
527 3355 662 3436 consilio,
676 3376 738 3424 non
754 3357 869 3424 ratmne
883 3377 934 3423 res
948 3357 1022 3443 geri,
1039 3354 1094 3420 sed
1109 3373 1195 3440 prae·

200 3611 241 3682 (l)
260 3611 282 3666 ll
310 3611 466 3668 Falcherius
493 3609 521 3667 di
548 3610 617 3667 irate
644 3610 754 3667 Ariosto
782 3610 834 3668 eil
861 3610 947 3666 Fakir
964 3608 1197 3676 dei‘musulmani,

93 3739 95 3744 -
130 3698 321 3771 specialmente
338 3699 497 3756 ne'll’ludia.
516 3699 545 3756 Si
563 3707 761 3772 sottopongouo
779 3699 788 3754 i
808 3699 903 3754 Fakiri
922 3715 939 3754 e
956 3706 1058 3756 torture
1075 3715 1090 3754 e
1108 3697 1197 3768 priva·

130 3785 201 3844 z'ioni
219 3784 342 3847 inaudite
357 3795 407 3860 'per
426 3794 544 3845 otteuere
562 3786 581 3843 il
599 3787 700 3845 cieloe
717 3787 744 3843 la
764 3787 940 3844 veneracione
957 3786 1001 3844 dei
1014 3785 1092 3844 fedeli
1105 3785 1159 3842 ‘che
1177 3784 1196 3842 li

131 3872 296 3946 riguardauo
313 3891 387 3934 come
406 3875 487 3932 santi.
1065 3897 1084 3902 ··

218 3967 238 4028 o
