2932 4728
742 354 919 418 -36-

301 528 460 595 exercitato
490 529 630 616 cognitis,
662 531 843 615 imperatum
875 541 920 598 est
951 532 1091 600 llantibus
1123 543 1188 599 tum
1218 532 1365 620 zephiris,

300 635 476 714 acrioribus,
492 638 556 702 vela
572 638 668 704 ventis
683 652 774 724 quam
790 638 998 705 vehementius
1022 641 1096 719 dari,
1119 661 1181 727 quo
1204 641 1366 707 subnexis

300 745 440 810 continuo
463 745 704 831 pendentibsque
719 767 756 810 ex
787 747 881 832 puppi
905 757 934 813 et
956 747 1091 834 undique
1124 749 1196 813 velis
1219 767 1364 832 procum·

299 849 383 929 bunt,
401 853 517 918 obnixis
541 852 655 920 viribus
671 852 828 938 fugientes,
853 853 986 920 bostium
1002 874 1108 919 navem
1128 854 1246 919 illidere
1262 874 1363 939 prora,

299 956 467 1042 ferrataque
490 966 683 1042 prosternere
707 957 801 1024 trabe.
825 959 887 1024 Sed
908 959 986 1024 baud
1011 959 1152 1025 diuturna
1175 969 1245 1044 post
1266 977 1363 1033 mora,

300 1070 458 1127 ventorum
482 1061 553 1126 llatu
569 1062 707 1148 marique
723 1063 842 1147 penitus
857 1073 969 1148 pacato,
987 1065 1061 1130 nulli
1082 1064 1204 1130 navium
1219 1062 1364 1148 progredi

298 1177 349 1233 aut
372 1168 491 1254 regredi
514 1168 591 1235 licet.
615 1172 695 1237 'lum
718 1170 841 1236 dictator
864 1171 992 1256 imperat
1006 1173 1211 1248 Venetorum,
1236 1178 1269 1235 ut
1292 1189 1363 1254 por·

300 1276 388 1341 rectis
412 1275 448 1342 de
472 1297 574 1363 puppe
597 1279 721 1346 funibus
745 1281 774 1346 in
791 1282 986 1347 lanuensium
1009 1301 1126 1359 navem,
1143 1280 1226 1346 ocius
1249 1298 1324 1344 suae
1347 1299 1364 1344 a

298 1380 473 1448 triremibus
496 1383 611 1450 trabant
633 1405 733 1450 naves.
757 1385 797 1451 At
819 1387 961 1452 celeriora
990 1407 1083 1472 prope
1107 1386 1206 1452 omnia
1234 1384 1365 1468 imperio

298 1486 394 1552 luere.
419 1488 590 1575 Tribusque
614 1509 650 1555 eo
673 1490 763 1556 modo
786 1493 974 1560 Venetorum
997 1491 1123 1556 navibus
1154 1490 1207 1555 uni
1230 1489 1364 1554 bostium

296 1595 541 1681 appropinquatis
564 1597 733 1663 conseritur
748 1617 864 1674 manus,
882 1607 912 1663 el
934 1597 1105 1682 ingentibus
1124 1596 1216 1661 armis
1232 1605 1365 1660 tormen·

298 1713 398 1768 torum
414 1704 597 1769 acerrimum
613 1704 756 1790 utrinque
771 1705 961 1770 committunt
972 1705 1131 1789 praelium.
1145 1704 1253 1788 Neque
1265 1701 1365 1786 impar

297 1809 419 1876 navium
442 1830 610 1888 numerus,
634 1811 829 1878 Ianuensium
852 1821 883 1877 el
905 1812 1095 1878 Turcbarum
1117 1811 1232 1876 animos
1255 1817 1364 1874 coster-

298 1917 349 1981 nit.
375 1918 472 1995 Quam
495 1925 525 1981 et
547 1917 570 1981 si
595 1937 655 1982 una
678 1927 776 1984 tamen
800 1939 907 1985 eorum
930 1917 1027 1984 tribus
1051 1916 1208 1984 hostilibus
1231 1916 1363 1982 circum·

297 2032 380 2107 septa
414 2023 539 2088 navibus
573 2033 672 2101 esset,
708 2044 743 2089 ea
776 2034 877 2091 tamen
912 2025 1119 2111 magnitudine
1154 2025 1299 2109 moleque
1334 2032 1364 2088 et

297 2127 455 2194 bominum
480 2129 670 2195 mollitudine
693 2140 813 2198 cunctas
837 2133 997 2217 superabat
1021 2182 1362 2198 ...........

299 2285 338 2300 .,.
364 2286 371 2299 ,
397 2285 404 2299 .
430 2285 438 2299 .
464 2285 471 2298 .
497 2235 683 2320 .(Mancano
706 2235 759 2321 qui
781 2237 886 2302 alcune
909 2236 1030 2323 pagine)
1055 2288 1362 2304 ..........

298 2395 305 2408 .
353 2394 360 2408 .
409 2392 417 2411 .,
464 2390 692 2408 .....
740 2393 747 2420 ,
795 2395 1362 2412 ...........

296 2451 432 2526 Vestem,
455 2457 596 2526 aromata,
624 2451 856 2534 suppelletilem‚
874 2461 1012 2536 argentea
1030 2471 1105 2528 vasa,
1122 2455 1264 2532 AEtiopea‚
1282 2453 1363 2516 Tur·

287 2537 423 2620 'clrarum
446 2565 481 2621 ut
503 2555 635 2621 diximus
663 2555 826 2642 mancipia,
859 2577 931 2642 opes
961 2559 1108 2643 plurimas
1133 2557 1362 2644 pecuniasque,

295 2683 389 2740 auro,
418 2673 507 2749 atque
538 2663 652 2729 diviciis
675 2664 787 2749 quibus
818 2665 949 2730 multum
981 2673 1044 2730 erat
1074 2674 1200 2741 onusta,
1232 2665 1310 2730 sicut
1333 2673 1363 2730 et

288 2761 401 2855 ‘captivi
424 2771 476 2855 qni
501 2790 539 2835 ex
562 2789 596 2834 ea
612 2789 685 2834 nave
702 2769 738 2834 ad
755 2779 886 2835 nostram
906 2770 1035 2834 translati
1052 2771 1180 2845 lucrant,
1197 2769 1361 2834 vehemen-

290 2867 353 2939 'tius
377 2873 535 2938 allirmant.
559 2874 656 2938 Porro
687 2892 757 2938 cum
781 2875 812 2938 in
843 2874 925 2938 navis
949 2874 1007 2938 ima
1039 2874 1222 2940 descendere
1251 2874 1362 2942 Veneti

293 2989 482 3055 conarentur,
507 2999 584 3043 rrovo
608 2998 729 3065 quoque
753 2979 943 3045 Turcbarum
972 3001 1075 3066 agone,
1100 2975 1195 3068 quum
1218 2980 1362 3066 proprius

294 3086 371 3150 istuc
402 3084 619 3150 descenderant
649 3094 765 3150 terrore
788 3087 949 3170 perterriti,
974 3087 1003 3152 id
1027 3096 1126 3152 actum
1157 3095 1212 3152 est.
1240 3089 1275 3152 ln
1300 3107 1362 3172 quo

295 3211 401 3258 eorum
424 3211 515 3276 qnam
538 3190 652 3276 plures,
676 3201 742 3256 turn
766 3191 919 3258 hastarum
943 3193 1139 3279 cuspidibus,
1168 3203 1233 3258 turn
1256 3193 1362 3278 gladiis
1413 3223 1415 3230 ·

293 3299 494 3364 truculentius
525 3297 652 3384 perfossi
683 3300 869 3378 occubuere,
895 3301 999 3386 etqui
1027 3299 1165 3365 trucidati
1189 3320 1248 3365 non
1272 3309 1361 3376 sunt,

291 3416 344 3473 ‘aut
367 3406 525 3472 maritimis
548 3414 650 3492 postea
673 3405 815 3472 lluctibus
838 3408 941 3485 mersi,
969 3406 1073 3472 autin
1097 3406 1194 3472 Cruce
1218 3405 1284 3483 ac'ti,
1309 3414 1361 3472 aut

292 3535 308 3579 a
332 3513 412 3580 ferro
435 3514 584 3592 trucidati,
608 3525 659 3580 aut
674 3534 783 3600 magno
806 3536 823 3580 a
839 3535 872 3580 se
888 3515 961 3599 ipsis
979 3513 1100 3579 luerunt
1115 3513 1184 3579 aere
1201 3513 1360 3598 redempti.

383 3623 562 3688 bardanicus.
586 3623 632 3689 Tu
657 3642 694 3687 ns
718 3642 841 3708 quaeso,
873 3631 923 3689 aut
946 3631 1069 3687 tuorum
1093 3620 1241 3706 quispiam
1266 3621 1360 3686 socio·

295 3745 374 3801 rum,
391 3734 506 3804 ueruto,
531 3727 639 3811 lapide,
661 3727 776 3793 fusteve
800 3728 876 3792 ictus
900 3736 952 3805 cst,
977 3726 1051 3792 dum
1074 3725 1173 3792 suncti
1196 3725 1362 3792 admodum

295 3831 314 3916 ij
339 3851 436 3916 pugna
460 3836 635 3898 certarent‘l
902 3841 906 3848 '

386 3936 567 4003 1111111111.
592 3939 759 4035 Regiensis
780 3939 922 4026 Episcopi
953 3959 1066 4024 nepos,
1099 3937 1214 4026 Symon
1239 3940 1362 4007 nomino
1459 3935 1460 3938 ’
