2932 4728
93 555 220 624 boribus
242 554 390 640 vineaque
417 555 565 621 consitum
587 552 700 640 jugiter
738 551 887 636 irrigatur.
912 553 960 640 (l)
983 556 1022 620 Et
1046 554 1158 622 horum

94 663 124 726 in
148 662 241 728 lentis
263 681 357 748 acqua
379 661 571 728 combustum
601 645 730 726 vitulum
758 679 851 746 quem
880 659 1033 739 fecerant,
1063 681 1160 747 usquc

94 769 131 834 ad
169 770 330 853 pulverem
371 767 532 833 contritum
563 768 683 852 Moyses
714 767 850 852 sparsit,
884 766 1026 852 deditque
1058 786 1097 832 er
1125 786 1162 832 eo

95 883 205 958 potum
229 871 300 937 siliis
322 872 431 937 lsrael:
449 872 637 956 Sumptaque
660 871 702 936 ibi
726 873 840 939 levitica
856 872 963 950 Tribu,
988 873 1091 958 viginti
1108 872 1163 938 tria

96 979 193 1044 millia
220 976 389 1053 hominum,
420 974 458 1042 ad
487 977 648 1042 scelestum
680 975 835 1044 ldelatriae
866 977 949 1044 nelas
980 977 1165 1063 expiandum

97 1084 257 1168 deumque
280 1079 468 1166 placandum,
485 1079 567 1146 ferro
590 1081 728 1166 peremit.
746 1081 908 1149 Caeterum
924 1094 954 1148 et
969 1083 1023 1150 lrac
1047 1083 1169 1168 incon-1

96 1189 185 1265 valle,
210 1196 315 1253 cuncto
339 1196 399 1252 tam
423 1187 619 1254 Tabernaculi
635 1208 726 1274 quam
754 1189 928 1256 levitarum
950 1189 1165 1276 pretiosissima

98 1303 288 1370 ornamenta,
312 1294 441 1379 gemmis
463 1303 493 1360 et
515 1315 588 1360 auro
611 1294 735 1373 decora,
760 1306 830 1363 sunt
853 1297 941 1363 edita.
966 1296 1165 1363 Sacerdctalis

100 1403 203 1476 restis,
228 1400 329 1466 Aaron
356 1419 448 1485 quam
476 1401 618 1468 Besellrel
640 1411 670 1468 et
693 1403 759 1468 Nur
782 1402 820 1468 de
844 1402 938 1469 Tribu
962 1403 1036 1470 luda
1059 1402 1167 1488 spiritu

100 1508 266 1594 sapientiae
290 1517 320 1572 et
342 1506 552 1592 intelligentiae
576 1510 693 1593 repleti,
710 1509 838 1574 mirilico
862 1529 953 1594 opere
976 1509 1167 1594 polimitarie‚

101 1613 316 1700 plumarioque
347 1623 385 1678 ex
415 1613 535 1691 lacinto,
568 1623 598 1680 et
619 1635 690 1681 coco
720 1616 767 1680 bis
797 1616 888 1681 tincto
918 1634 1040 1681 summe
1070 1614 1170 1680 studio

101 1720 272 1788 confecere.
296 1717 392 1804 Cujus
416 1728 446 1785 et
460 1740 629 1806 purpuram
657 1721 749 1806 Tyrio
764 1721 921 1787 ardentem
936 1721 1063 1797 murice,
1087 1721 1171 1787 tenui

100 1825 310 1892 discreverant
339 1845 423 1890 auro.
448 1826 509 1891 llac
540 1845 612 1891 vero
631 1826 674 1891 iu
697 1834 893 1910 tempestate,
924 1827 955 1891 in
982 1847 1016 1892 ea
1038 1827 1171 1892 convalle

102 1940 256 1996 structum
271 1939 317 1995 est
331 1931 588 2016 praescriptorum
603 1932 820 1999 monachorum
836 1933 949 2018 grande
970 1933 1169 2000 Coenobium.

103 2035 187 2122 quod
211 2034 304 2100 sacris
326 2034 417 2099 simul
439 2035 633 2122 profanisque
656 2037 749 2102 rebus
773 2038 919 2104 relectum
947 2047 1002 2104 est.
1025 2039 1124 2104 Etiam
1140 2037 1172 2104 in

105 2146 181 2230 ipso,
205 2143 348 2209 scelerosi
378 2142 539 2211 Mahometi
567 2145 706 2212 mosehca
730 2145 932 2212 delubrumvc
949 2156 1105 2213 structum
1128 2155 1174 2212 est

105 2250 234 2317 arabum
269 2249 318 2326 vi,
343 2248 391 2334 (Ξ)
415 2249 467 2314 ulti
494 2259 524 2314 et
553 2251 689 2318 cristiana
720 2252 825 2318 caedes
857 2253 1076 2320 monachorum
1107 2273 1174 2338 pcr-

104 2376 224 2442 magna.
248 2357 320 2420 Post
342 2353 429 2441 cujus
444 2355 535 2422 altare
551 2355 649 2442 majus
664 2357 689 2423 is
706 2367 751 2423 est
765 2359 858 2435 lucus
876 2378 937 2444 quo
953 2359 1049 2425 rubus
1064 2358 1174 2424 ardens

106 2473 138 2530 et
159 2483 221 2528 non
244 2461 428 2528 comburens
450 2464 587 2548 alloyse
603 2463 702 2529 visum
718 2473 771 2540 est,
789 2485 827 2529 ex
850 2483 911 2550 quo
935 2473 965 2530 et
987 2483 1093 2532 vocem
1116 2463 1174 2529 Dei
1208 2476 1212 2484 '

107 2569 236 2636 dicentis
265 2566 393 2634 audivit:
424 2588 462 2634 oe
490 2574 664 2652 appropries
687 2574 762 2646 lenc,
786 2575 864 2636 soloe
886 2575 1118 2636 calceamentum
1141 2574 1176 2635 de
1276 2598 1279 2603 ·

104 2681 230 2760 peditus
249 2678 434 2753 misdoceat
456 2679 489 2740 in
512 2695 570 2757 pne
593 2685 655 2741 atos
670 2686 754 2742 terro
776 2685 880 2742 sunda
895 2685 946 2742 cst.
964 2675 1170 2754 Quamobrem

108 2782 200 2848 aedes
224 2781 286 2866 ipsa
311 2781 395 2846 titulo
419 2781 525 2846 &neta
548 2781 641 2849 Maria
664 2781 702 2846 de
725 2780 813 2848 Rubo
837 2779 932 2846 extitit
955 2788 1137 2866 praenotata.

198 2888 379 2952 ludovicus.
410 2885 506 2971 Cujus
536 2887 656 2972 generis
687 2887 760 2974 ligni
785 2886 880 2953 luisse
911 2888 1007 2953 rubus
1037 2887 1093 2953 istc
1116 2905 1179 2954 cre-

112 2991 249 3058 dendum
272 2995 342 3060 est?

200 3096 382 3162 Alexander.
409 3097 474 3182 Ego
505 3106 662 3200 quantum·
679 3099 779 3165 animo
809 3099 958 3186 conijeere
981 3120 1116 3186 possum,
1140 3121 1179 3167 ex

113 3202 159 3268 his
189 3203 279 3288 lignis
314 3205 511 3291 sentibusque
541 3226 618 3293 quae
641 3207 684 3273 ihi
707 3218 813 3295 sponte
850 3217 1023 3276 nascuntur.
1055 3211 1179 3278 llubum

182 3423 224 3492 (l)
242 3423 395 3497 Dorunqus
419 3422 449 3479 in
467 3423 570 3482 Arabia
597 3425 660 3483 ervi
679 3441 774 3500 acqua,
793 3426 834 3484 ivi
852 3428 868 3484 t
886 3424 972 3483 anche
990 3441 1028 3483 un
1046 3425 1178 3498 giardino,

113 3509 137 3566 le
154 3509 214 3566 ossi
232 3525 350 3583 mguooo
367 3517 518 3571 attraverso
536 3513 556 3570 it
573 3512 679 3571 deserto
690 3515 715 3571 le
727 3514 806 3580 lenti,
821 3531 836 3572 e
849 3515 957 3572 intorno
974 3514 1102 3586 sorgouri
1114 3514 1181 3576 cittt

113 3597 241 3655 moderna
258 3613 275 3654 o
292 3600 388 3658 rosiae
399 3600 473 3658 delle
491 3601 612 3660 antiche.
701 3661 704 3666 r

184 3687 225 3757 (Ξ)
244 3687 338 3746 nucha
369 3690 458 3764 oggidt
481 3691 510 3748 iu
535 3692 598 3748 tutti
621 3691 630 3747 i
654 3689 747 3764 luoghi
770 3690 799 3748 di
823 3691 958 3749 Palestina
984 3691 1105 3749 venerati
1134 3691 1180 3750 dsi

114 3771 243 3832 cristiani
261 3776 341 3834 esiste
359 3793 413 3835 una
436 3779 548 3852 guardia
573 3788 656 3847 turca,
674 3797 689 3837 e
707 3778 810 3852 pertine
836 3780 879 3837 nel
898 3779 1009 3854 Templo
1033 3779 1076 3837 det
1094 3779 1178 3838 Scuto

115 3861 249 3935 Sepotcm,
267 3863 337 3923 dove
358 3864 476 3924 durante
498 3867 524 3924 la
548 3865 702 3925 cerimonie'
717 3865 787 3930 della
808 3866 915 3940 Pasqua
938 3866 948 3923 i
972 3865 1069 3925 soldati
1093 3867 1183 3925 turelri

116 3948 222 4010 herem
240 3953 259 4010 it
277 3953 344 4012 calls
362 3971 377 4014 e
398 3954 524 4016 lumino„
570 4023 574 4031 Δ
