2970 4730
765 367 941 434 -lOd-

315 544 353 612 ad
376 542 582 630 prothotipum
605 539 776 608 omnimoda
799 562 865 610 esse
888 553 998 631 potest,
1021 553 1087 610 tum
1109 542 1191 631 quod
1214 547 1312 633 genita
1328 569 1384 615 no·

315 651 378 717 titia
400 651 432 716 in
454 651 540 716 nobis
556 650 603 728 sit,
619 649 765 728 accidens,
783 651 929 729 similiter,
947 661 977 717 et
993 671 1077 717 amor
1092 661 1236 739 actusque
1257 656 1383 721 secundi

312 756 419 843 primis
443 775 634 842 nequaquam
656 756 716 821 sint
739 755 1016 835 consubstantiales,
1032 766 1098 823 tum
1114 759 1201 824 etiam
1218 760 1301 845 quod
1316 781 1383 826 me-

310 861 406 928 moria
428 861 459 926 in
482 859 569 926 nobis
592 858 718 926 lecnnda
733 880 793 926 non
816 861 968 926 concurrit
990 859 1027 926 ad
1049 861 1280 945 productionem
1303 884 1383 929 amo·

310 967 362 1045 ris,
386 966 463 1032 sicut
485 966 516 1029 in
539 965 647 1031 deitate
671 975 765 1052 pater.
791 966 845 1031 His
869 975 970 1032 autem
994 966 1102 1044 modis,
1126 968 1238 1053 quibus
1267 969 1383 1034 trinum
1473 1009 1474 1018 κ

310 1076 403 1142 deum
426 1084 457 1140 et
478 1093 575 1139 unum
598 1074 711 1158 pariter
734 1073 938 1153 confitemur,
962 1075 1100 1140 noverint
1122 1073 1254 1160 prolecto
1272 1095 1384 1141 omnes

310 1180 522 1250 blahumetani.
550 1179 611 1245 Nos
635 1199 735 1266 neque
759 1180 899 1246 idolatras
916 1201 983 1247 esse
998 1197 1099 1267 noque
1115 1181 1246 1247 ludibrio
1269 1182 1382 1248 haben-

311 1287 376 1365 dos,
400 1297 553 1373 tamquam
577 1287 671 1352 deum
693 1287 847 1365 colamus3
883 1286 936 1373 qui
958 1285 1090 1352 humano
1113 1306 1199 1352 more
1222 1285 1320 1352 tilium
1342 1307 1382 1353 ex

310 1412 344 1458 se
365 1394 512 1479 genuerit.
536 1393 616 1473 Quin
652 1391 767 1471 modo,
798 1393 920 1459 abiectis
942 1412 959 1457 a
983 1411 1015 1458 se
1038 1392 1219 1477 ignorantiae
1247 1393 1384 1458 tenebris
1473 1455 1474 1458 ,

311 1499 404 1565 sciant
437 1520 491 1566 nos
521 1519 618 1565 unum
648 1498 741 1564 deum
774 1497 868 1564 ternis
900 1498 931 1563 in
962 1498 1112 1582 personisw
1129 1498 1381 1577 subsistentibus,
1473 1549 1474 1572 a

310 1605 411 1692 (qnae
435 1614 534 1671 tamen
558 1605 700 1671 relatione
724 1605 880 1671 distinctae
904 1603 999 1689 sunt)
1031 1623 1123 1692 quam
1157 1604 1287 1672 fideliter
1309 1605 1382 1672 ado·
1473 1633 1474 1680 3

216 1693 221 1706 ⁵
308 1731 386 1776 rare.
410 1711 497 1790 Quod
520 1711 578 1796 ipsi
600 1711 711 1777 inertes
735 1720 826 1797 atque
849 1710 1013 1788 vecordes,
1046 1711 1176 1796 cogitatu
1200 1731 1255 1777 suo
1286 1712 1381 1797 impio

309 1815 434 1903 quidem
456 1826 545 1902 atque
569 1817 702 1895 nelarie,
728 1837 789 1883 non
812 1818 912 1883 solum
934 1817 1054 1903 assequi
1077 1827 1248 1904 nequeunt,
1273 1818 1327 1882 sed
1350 1826 1381 1883 et

308 1943 379 1991 cum
402 1923 440 1989 de
462 1923 642 1990 coelestibus
657 1924 835 2010 disputatur,
853 1943 888 1990 ea
902 1922 1162 2009 comprehendere
1177 1943 1237 1990 non
1253 1934 1380 2008 possunt

309 2028 444 2106 ratione,
476 2048 554 2115 quae
588 2029 646 2095 sub
676 2028 806 2114 pedibus
832 2028 952 2094 habent.
985 2027 1086 2113 Atque
1116 2037 1275 2113 propterea
1305 2029 1380 2115 quid
1473 2103 1474 2116 χ

310 2133 433 2211 mirum,
458 2133 483 2198 si
507 2142 616 2210 nostra,
640 2133 709 2198 licet
733 2153 802 2198 vera
825 2141 855 2199 et
878 2142 977 2199 sancta
1000 2132 1169 2217 despiciunt
1191 2133 1216 2199 si
1239 2133 1311 2200 falsa
1335 2135 1380 2200 eis

310 2247 340 2304 et
362 2239 557 2305 incredibilia
571 2257 637 2304 esse
661 2237 828 2304 videntur‘l
844 2238 956 2324 Sioque
972 2238 1080 2304 divinis
1104 2237 1196 2304 rebus
1218 2237 1313 2304 fidem
1329 2239 1378 2317 de,

308 2345 437 2423 trahunt,
462 2365 539 2432 quos
562 2363 631 2410 vera
654 2344 829 2410 coelestium
844 2344 1013 2410 litterarum
1029 2343 1162 2410 doctrina
1177 2364 1238 2410 non
1259 2345 1379 2412 imbuit·

308 2471 360 2517 eos
390 2451 571 2536 perfidiosus
601 2451 750 2537 fallaxque
784 2450 976 2519 Mahumetus
1000 2449 1155 2516 mendacio
1177 2450 1309 2530 fallente,
1330 2453 1380 2518 de-

309 2564 445 2642 pravatos
468 2565 688 2643 corruptosque
704 2555 800 2641 Moysi
816 2555 918 2632 libros
936 2553 1031 2620 David
1045 2555 1204 2639 psalmos‘l
1226 2557 1266 2622 Et
1287 2577 1377 2623 evan·

307 2663 383 2748 golia
407 2661 516 2728 Christi
533 2682 625 2748 quam
648 2660 905 2749 perniciosissime
929 2659 1046 2745 decepit
1067 2661 1228 2727 incautus?
1251 2664 1334 2742 Quos
1349 2673 1379 2730 et

308 2769 351 2835 sic
373 2770 462 2834 latam
485 2768 588 2835 docuit
609 2789 676 2835 esse
700 2769 787 2854 regni
818 2769 973 2834 coelorum
1004 2767 1091 2846 viam,
1115 2768 1311 2856 quodetiam
1341 2789 1379 2836 ex
1473 2789 1474 2800 ¹

308 2874 491 2940 illecebrosis
515 2875 624 2941 saeculi
647 2874 763 2941 deliciis
787 2883 816 2939 et
839 2873 993 2940 obscaenis
1014 2875 1149 2960 corporis
1164 2873 1378 2962 flagitiosisque

308 2979 519 3064 voluptatibus,
535 2981 573 3046 ad
596 2980 694 3045 divina
718 2989 748 3046 et
775 2980 914 3045 coelestia
938 2979 1016 3046 bona
1039 2989 1141 3066 patere
1163 2980 1219 3046 sibi
1235 2980 1266 3046 in
1286 2981 1377 3048 coelis

309 3084 389 3150 viam
413 3092 525 3168 putant.
550 3086 712 3168 Propterea
735 3083 885 3149 desidioso
907 3092 1060 3170 torpentes
1082 3085 1150 3163 otio,
1174 3093 1250 3152 totos
1265 3105 1299 3151 se
1314 3085 1377 3152 libi·

309 3189 431 3258 dinibus
453 3187 642 3254 addixerunt.
668 3188 785 3268 Quibus
809 3189 956 3255 nimirum
980 3197 1057 3255 tanta
1087 3209 1228 3256 errorum
1250 3191 1376 3277 caligine

308 3304 426 3362 mentes
450 3293 657 3372 obcaecarunt,
673 3304 708 3359 ut
733 3314 788 3360 neo
812 3303 938 3381 patrem,
955 3314 1011 3361 nec
1026 3295 1194 3373 dominnm,
1210 3315 1267 3363 uec
1282 3296 1376 3364 deum
1473 3339 1474 3352 η

308 3423 401 3491 quem
424 3404 526 3470 colunt
549 3403 596 3468 vel
619 3402 794 3488 plusculum
816 3410 975 3486 agnoscant
1008 3402 1121 3489 quippe
1144 3402 1197 3488 qui
1220 3402 1375 3472 insanabili
1473 3491 1474 3494 Ἴ

309 3510 459 3576 dementia
482 3509 575 3588 caeci,¹
594 3509 625 3574 in
648 3508 808 3596 profundis
831 3509 1013 3594 ignorantiae
1035 3509 1168 3575 tenebris
1189 3530 1318 3595 prorsus
1348 3511 1374 3576 ia

309 3624 420 3692 centes,
444 3635 477 3681 ea
500 3617 609 3693 solum,
632 3617 743 3703 quibus
759 3636 869 3701 corpus
895 3624 1028 3694 ornatur,
1045 3615 1177 3682 aliterve·
1197 3615 1373 3696 delectetur,

309 3740 430 3786 summo
453 3721 552 3787 studio
582 3723 760 3807 quaeritent.
792 3724 859 3802 Quo
889 3720 978 3786 etiam
1010 3730 1040 3787 et
1069 3741 1224 3792 summum
1248 3722 1372 3789 bonum.

309 3844 372 3913 quo
389 3827 514 3892 'tandem
537 3827 645 3893 beandi
669 3837 748 3905 sunt,
766 3847 826 3893 non
849 3827 880 3892 in
896 3846 1016 3894 summo
1032 3827 1131 3893 sedin
1147 3827 1208 3894 imo
1224 3829 1373 3894 consistat.

310 3931 458 4011 Quoniam
481 3953 541 3999 non
563 3933 594 4000 in
617 3933 683 4020 ipso
705 3934 763 4002 deo
785 3932 980 4019 perfruendo,
994 3934 1058 4001 ‘sod
1074 3933 1104 3999 in
1120 3935 1272 4018 corporeis
1290 3936 1372 4000 volu·
1473 4019 1474 4022 Ἴ
