2970 4730
552 381 731 448 ..69-

105 558 204 644 magis
227 557 315 622 istius
339 557 439 633 horae,
463 555 565 642 fruges
589 559 719 645 regionis
742 561 891 629 oriuntur.
908 561 1039 628 Arbusta
1059 559 1176 631 fronde·

105 673 205 740 scunt,
230 665 370 731 universa
392 665 555 751 gignuntur
578 676 668 752 atque
699 677 904 734 eonoresount.
937 670 1038 736 Nootis
1062 673 1175 738 etenim

103 769 230 855 dieique
245 770 417 854 longissima
433 772 534 856 spatia,
551 773 640 838 horas
656 773 801 839 tredecim
814 774 1048 860 aequinoctiales
1067 776 1177 843 habent

105 876 292 942 Brevissima
316 897 333 941 e
359 879 518 955 contrario,
550 880 692 945 undecim
723 881 826 966 quinta
857 891 941 966 parte
973 883 1069 948 uuius'
1085 884 1176 950 horae

105 980 280 1066 utriusque,
310 980 359 1047 vir
388 982 536 1068 adempta.
568 986 633 1062 Qua
665 985 778 1052 ratione
809 995 839 1050 et
868 987 976 1054 caloris
1007 996 1124 1054 aestum
1148 997 1178 1054 et

105 1086 220 1170 algoris
242 1085 355 1172 frigus,
379 1096 508 1173 utroque
531 1098 687 1174 tompore,
711 1109 804 1176 quam
828 1099 1011 1177 temperatos
1035 1113 1101 1160 esse
1124 1113 1177 1158 ue·

104 1212 194 1258 cesse
218 1202 272 1258 est.
297 1194 441 1260 Homines
464 1195 553 1260 etiam
578 1197 633 1262 vita
658 1206 687 1264 et
714 1198 854 1283 sospitate
887 1199 1023 1266 diuturni
1046 1202 1179 1268 convale-

105 1319 206 1368 suere.
231 1301 308 1365 Nam
330 1301 419 1368 etiam
450 1302 480 1367 iu
511 1303 665 1388 plerisque
697 1304 768 1370 loeis
800 1304 914 1384 Indiae,
947 1327 1025 1393 quae
1049 1307 1178 1373 Arabiae

106 1407 181 1473 huie
204 1409 389 1474 contermina
413 1420 467 1486 est,
495 1411 633 1496 legimus,
650 1411 727 1478 sicut
750 1412 855 1478 Crates
879 1422 909 1481 et
928 1413 1108 1480 0nisioritus
1132 1414 1179 1479 lit·

106 1513 183 1580 teris
207 1513 368 1590 tradidere,
393 1514 531 1582 homines
558 1537 652 1582 anuos
669 1518 760 1584 XXX
784 1528 814 1584 et
837 1527 961 1585 eentum
987 1519 1098 1585 vivore.
1115 1519 1179 1584 Neo

106 1641 279 1699 senescere,
311 1623 365 1688 sed
396 1623 497 1690 medio
527 1626 613 1711 quasi
640 1645 713 1691 aevo
741 1626 818 1690 mori
849 1635 879 1692 et
909 1624 1055 1692 ducentos
1085 1645 1179 1691 annos

107 1728 168 1792 vita
186 1728 296 1802 vivere,
313 1728 343 1792 in
360 1729 543 1795 convallibus
559 1729 671 1804 Indiae,
685 1749 761 1815 quas
776 1731 927 1816 appellant
942 1729 1090 1797 Pandere.
1108 1729 1156 1816 (l)

201 1836 381 1902 demulces.
406 1838 467 1901 lam
493 1855 563 1902 vero
594 1836 758 1921 peragratis
780 1846 811 1902 et
833 1837 995 1922 exploratis
1019 1837 1090 1904 loeis
1114 1857 1179 1903 om·

108 1940 212 2017 nibus,
236 1941 348 2026 quibus
371 1962 426 2027 per
457 1943 626 2009 solitudinis
658 1943 735 2009 viam
766 1944 919 2014 tendimus
949 1945 981 2010 iu
1009 1946 1100 2032 Syna.
1125 1946 1180 2011 Su·

107 2054 214 2132 perest
236 2047 369 2130 prolecto
393 2046 431 2114 de
454 2048 501 2114 lris
524 2048 645 2126 dicere,
676 2049 788 2135 quibus
824 2068 862 2116 ex
885 2051 977 2137 Synai
1006 2060 1107 2116 monte
1130 2069 1180 2137 pe·-

109 2151 224 2236 regrini
247 2153 411 2219 Kairouam
434 2153 666 2238 proficiscuntur
689 2165 719 2221 et
742 2155 813 2222 inde
836 2157 867 2222 iu
890 2156 1105 2224 Alexandriam
1136 2156 1178 2224 Α·

108 2263 196 2349 gypti
222 2264 267 2328 vel
292 2264 498 2330 ierosolimam
522 2274 667 2331 remeant.

200 2369 381 2437 laeander.
405 2371 448 2436 Ita
478 2371 566 2455 plane
596 2371 747 2457 agendum
769 2382 824 2450 est,
848 2370 1010 2446 Ludovioe,
1035 2377 1069 2434 ut
1090 2368 1178 2453 petis,
1232 2379 1233 2383 ’

109 2475 256 2562 quoniam
278 2497 295 2540 a
318 2476 404 2542 nobis
431 2476 573 2562 utrinque
597 2477 642 2543 via
672 2479 810 2562 paenitus
833 2478 986 2563 explorata
1009 2475 1063 2551 sit,
1086 2483 1178 2560 atque

110 2592 279 2667 perspecta.
321 2583 369 2669 (Ξ)
399 2585 457 2652 Vel
488 2584 621 2650 maxime
656 2585 728 2670 quia
769 2584 908 2669 plerique
944 2582 1178 2668 peregrinorum

109 2689 227 2753 malunt
249 2708 469 2774 saepenumero
502 2709 540 2755 ex
562 2691 745 2757 lerosolimis
769 2689 959 2774 Memphim,
983 2688 1093 2754 urbem
1113 2707 1177 2752 am·

109 2793 288 2878 piissimam,
311 2793 601 2882 celeberrimamque
624 2815 716 2881 quam
742 2795 923 2871 Kairouam,
948 2792 1036 2878 vulgo
1060 2811 1177 2858 nuncu·

110 2907 191 2984 pant,
208 2897 375 2983 proticisci,
390 2908 479 2986 atque
499 2900 621 2966 indeed
638 2901 728 2987 Synai
744 2909 890 2976 montem,
907 2918 999 2986 quam
1017 2916 1177 2985 peragrare

111 3003 240 3069 deserta.
257 3005 356 3084 Quare
371 3003 427 3070 etsi
446 3003 704 3088 proficiscentibus
720 3005 766 3072 via
790 3005 949 3091 paululum
966 3004 1004 3070 sit
1019 3003 1176 3091 prolixior,

110 3117 213 3175 tamen
236 3110 324 3195 longe
357 3111 525 3188 eomodior,
549 3131 620 3178 oum
654 3131 776 3202 quoque
809 3111 899 3178 viotui
931 3111 1098 3178 necessaria
1120 3109 1178 3175 ire·

181 3365 221 3438 (l)
239 3366 324 3423 Forso
341 3367 361 3423 il
386 3367 516 3437 Peudlab,
537 3369 646 3444 (pinque
670 3373 780 3444 aeque),
799 3378 876 3444 parto
894 3369 957 3427 doll'
975 3367 1053 3425 ludia
1079 3366 1128 3423 ohe
1146 3365 1176 3421 iu

110 3455 268 3512 muosoiuta
284 3454 320 3512 da
337 3456 501 3514 Alemaudro
513 3457 532 3514 il
551 3459 703 3516 tlaoedone.
721 3460 764 3516 lla
775 3465 959 3533 temperatura
976 3455 1053 3512 ealda
1065 3472 1080 3512 a
1091 3467 1175 3521 reeca,
1240 3505 1242 3510 ,

110 3545 187 3604 suolo
204 3543 380 3614 fertilissimo,
398 3562 483 3620 aequo
500 3547 678 3605 abboudauti.

181 3632 224 3702 (2)
245 3633 378 3690 L’autore
403 3649 520 3692 aoeenua
546 3634 600 3692 alla
617 3651 667 3692 sua
694 3634 843 3710 topoprulla
867 3632 895 3692 di
915 3630 1087 3699 Terrasanta,
1106 3587 1176 3688 uella

110 3717 189 3792 quala
207 3719 315 3776 rioorda
336 3728 407 3778 tutto
423 3721 448 3778 lo
471 3719 561 3778 strada
584 3721 635 3778 ohe
652 3721 810 3780 eonduoono
835 3721 888 3777 alla
910 3720 1054 3776 Palestina.
1074 3719 1112 3775 la
1131 3718 1177 3775 via

111 3806 145 3863 da
162 3808 362 3866 Gerusalemma
386 3807 411 3865 al
435 3809 515 3867 Cairo
539 3809 572 3867 ed
596 3825 613 3867 a
637 3809 720 3868 Sauta
745 3809 899 3877 Catterina,
924 3816 1101 3882 quantunque
1126 3807 1177 3880 pid

110 3896 190 3968 lunga
207 3897 235 3954 di
247 3899 338 3971 quella
355 3898 398 3955 del
416 3898 529 3968 deserto,
540 3908 640 3973 potera
651 3915 739 3958 essere
756 3900 843 3957 auehe
856 3901 1004 3956 aeeoroiata
1024 3896 1177 3995 navigando

112 3984 144 4043 da
161 3985 231 4046 Suez
251 4003 268 4043 a
287 3987 388 4060 Royan,
406 3989 425 4045 il
442 3997 522 4062 porto
539 3991 588 4062 piu
606 3989 697 4048 vicino
714 4005 731 4046 a
748 3990 811 4063 quel
829 3989 982 4046 Sautuario
1106 3997 1144 4066 ᾖ
