2970 4730
583 349 759 416 ..73-

137 524 285 592 Sanctum
321 524 493 603 Abraham,
524 525 718 613 quadraginta
748 525 882 592 millibus
913 547 1058 612 passuum
1082 513 1127 596 via
1150 539 1206 598 est.

140 633 271 698 Tametsi
294 632 401 697 itinere
416 631 485 709 alio,
509 651 547 696 er
570 632 648 698 Gaza
664 650 786 717 queque
802 631 1009 699 lerosolimam
1032 654 1204 720 pergamus.

138 739 201 806 Sed
224 747 330 804 cuneta
354 739 417 804 viae
440 738 520 803 illius
543 739 605 804 luca
629 739 676 802 vel
700 737 809 823 oppida
832 740 1030 825 locorumque
1054 740 1205 810 distantias

137 843 345 930 praedidimus
368 865 469 930 supra.
494 843 600 910 Cuncti
617 853 720 910 autem
742 843 858 910 itineris
883 845 937 923 via,
955 854 1085 912 tercenta
1100 847 1204 925 millia,

136 961 168 1017 et
189 953 294 1038 aequis
317 951 447 1037 quidem
471 952 533 1017 loca
555 951 630 1017 baec
652 970 712 1017 nen
735 950 842 1017 inania.

226 1059 407 1124 Ludnuieus.
432 1056 479 1123 Ad
503 1077 577 1144 quas
603 1056 694 1123 mede
725 1057 817 1124 urbes
840 1067 891 1124 aut
913 1059 1040 1145 oppida,
1073 1061 1119 1126 vel
1141 1062 1204 1128 luca

133 1165 253 1231 munita
277 1165 324 1229 vel
351 1164 509 1230 immunita
540 1183 646 1230 rerum
669 1164 705 1230 ad
729 1165 841 1231 vietum
864 1167 1084 1251 spectantium,
1116 1187 1203 1253 pere·

136 1271 213 1358 grini
237 1291 276 1335 ex
292 1271 464 1356 Kayruuam
480 1270 693 1337 Alexandriam
709 1271 824 1357 navigio
840 1273 1043 1357 provehantur
1065 1285 1204 1361 superest

135 1377 330 1443 edicendum.

223 1482 406 1550 Alexander.
429 1482 519 1548 Brevi
542 1481 654 1567 puriter
668 1492 757 1570 atque
781 1483 970 1568 compendio,
986 1482 1124 1550 Arabicis
1147 1504 1201 1550 no·

133 1589 268 1656 minibus
298 1589 336 1654 de
371 1588 417 1654 bis
448 1610 528 1656 nune
562 1589 658 1656 dicam
689 1591 782 1666 loeis,
817 1590 956 1676 adquae
988 1591 1140 1676 peregrini
1164 1611 1203 1658 ex

130 1696 308 1782 ›Kayrouam
325 1696 494 1782 navigantes
510 1706 639 1782 pergunt
651 1695 876 1762 Alexandriam.
895 1696 1077 1764 secedentes
1100 1705 1203 1764 autern

132 1821 173 1866 er
195 1801 272 1867 urbe
308 1802 479 1888 Kayrouam
506 1801 612 1866 decem
645 1809 675 1866 et
708 1809 773 1867 octo
807 1800 941 1870 millibus
970 1821 1114 1886 passuum
1145 1802 1202 1876 iter

133 1917 224 1994 agunt
246 1907 283 1972 ad
300 1907 456 1993 oppidum,
473 1907 659 1990 Abionessep.
676 1906 734 1974 Ubi
752 1906 891 1973 viaticum
915 1907 972 1973 sibi
988 1909 1202 1995 navigiumque

132 2011 472 2098 prospiciuntSedecim
503 2013 572 2078 binc
603 2011 737 2078 millibus
769 2012 930 2096 enavigatis
961 2013 1142 2097 perveniunt
1161 2013 1202 2084 ¹ad

132 2121 290 2186 Mcbeletb
318 2121 416 2188 uoatt.
441 2116 552 2203 Aque
576 2117 660 2193 luco,
684 2115 819 2202 quinque
843 2125 873 2182 et
899 2116 1019 2202 triginta
1041 2119 1200 2198 millibus,

129 2228 331 2313 progrediunt
353 2231 448 2305 Fube,
472 2235 626 2292 sumentes
642 2225 718 2302 istie,
741 2223 767 2289 si
790 2222 882 2288 velint
904 2225 1071 2290 necessaria
1094 2225 1199 2292 victus.

131 2333 178 2397 Ex
201 2332 273 2397 inde
296 2332 430 2398 millibus
453 2329 657 2417 quadraginta,
682 2327 749 2394 navi
772 2346 906 2414 quoque,
931 2329 1140 2413 provehuntur
1163 2329 1200 2396 ad

126 2438 279 2523 oppidum
302 2441 403 2505 Rassit
423 2457 477 2503 seu
502 2440 636 2504 Rosseto.
655 2433 703 2520 (l)
726 2434 754 2500 A
778 2453 839 2519 quo
875 2432 991 2499 reflexo
1015 2455 1031 2500 a
1054 2443 1135 2500 recto
1158 2435 1201 2502 iti·

129 2565 226 2622 nere,
250 2546 341 2614 XXV
363 2545 497 2611 millibus
521 2562 666 2630 passuum
689 2549 760 2606 sunt
782 2529 923 2606 caenobia
947 2540 1109 2627 blacharlj‚
1142 2551 1199 2609 tuta

128 2651 283 2716 sanctitate
314 2648 540 2718 celebratissimi
565 2648 629 2714 viri.
654 2645 715 2714 Sed
741 2645 792 2710 -via
817 2653 895 2710 reeta
925 2643 962 2708 ad
985 2644 1198 2714 Alexandriam

128 2755 271 2840 pedestre
294 2764 387 2841 agunt
400 2755 457 2822 iter
484 2752 617 2822 millibus
633 2751 694 2818 XX
709 2748 746 2815 ad
773 2749 874 2814 locum
894 2750 994 2817 Comei
1020 2750 1132 2818 Cetetb.
1149 2750 1198 2837 (2)

33 2871 36 2876 '
119 2859 189 2927 Ubi
213 2858 445 2944 Capharagium,
469 2857 526 2924 boc
549 2865 594 2922 est
608 2861 793 2941 argenteum
819 2871 991 2931 nummum,
1016 2853 1127 2938 viritim
1150 2875 1200 2941 pe·

199 3131 241 3200 (l)
259 3119 413 3204 Abionesep
431 3133 446 3189 b
466 3131 537 3188 forse
560 3128 580 3185 il
597 3109 729 3186 moderno
753 3123 883 3183 Beuisuef
897 3154 932 3168 -
959 3123 1095 3183 blabaletb
1121 3123 1198 3183 Boali

127 3219 143 3274 e
161 3227 376 3290 presentemente
394 3218 468 3277 detto
492 3216 642 3276 Menzaletb
659 3215 684 3272 el
701 3214 820 3281 Barbari,
840 3212 1000 3271 cittaduecia
1017 3214 1045 3271 di
1063 3213 1116 3271 due
1133 3215 1198 3270 mila

124 3305 244 3363 abiteuti
260 3329 298 3348 -
314 3308 404 3377 Futre,
430 3307 584 3380 oggipieruo
608 3303 703 3371 Fuab,
725 3301 771 3359 dal
795 3301 877 3374 sirati
900 3304 974 3360 detta
998 3303 1066 3360 uua
1098 3300 1163 3358 ·ud
1181 3305 1197 3358 e

124 3393 308 3466 grandissima
333 3394 431 3453 villae
454 3409 548 3466 grassa
571 3391 601 3450 di
620 3391 662 3450 eid
684 3390 735 3447 ebe
759 3390 801 3446 sai
824 3388 1047 3470 addimandare.·
1080 3388 1153 3445 Altri
1170 3388 1197 3446 la
1230 3464 1234 3472 ι

124 3481 186 3539 dlce
203 3482 296 3554 rogus
314 3512 348 3524 -
367 3483 472 3553 ltsssit,
491 3483 634 3550 llcssetta,
651 3480 767 3549 llorere,
793 3479 911 3548 Baebid,
930 3481 946 3535 ὁ
964 3479 981 3536 9
999 3477 1062 3536 cbil.
1079 3469 1196 3538 distento

124 3567 200 3626 dalla
216 3569 276 3628 loce
293 3569 336 3627 del
355 3571 440 3628 Reme
453 3571 588 3628 Bolbitino
611 3568 654 3627 del
672 3568 736 3625 Nilo
754 3567 780 3624 al
797 3567 833 3624 N.
852 3565 884 3623 ll.
902 3565 932 3624 di
949 3565 1132 3639 Alessendria,
1144 3563 1196 3625 eon

124 3656 229 3724 23,οω
246 3659 291 3714 ab.
308 3659 419 3717 lundata
436 3659 508 3732 dupli
526 3657 603 3715 arabi
621 3658 666 3715 nel
684 3657 737 3714 870
755 3655 783 3713 dl
801 3655 899 3713 Cristo.

198 3745 239 3817 (2)
257 3745 355 3817 ignore
381 3746 450 3805 dove
473 3748 515 3803 sia
539 3744 629 3802 Comei
655 3744 731 3802 Celet
748 3775 782 3788 -
801 3743 931 3800 utebare
957 3757 1038 3801 senaa
1055 3743 1158 3802 dubbie
1176 3744 1196 3802 il

124 3832 258 3891 moderno
285 3834 406 3904 Abelis,
424 3836 493 3906 ¹torte
518 3834 661 3892 castellot
686 3835 719 3898 te
737 3833 778 3892 kil
803 3832 839 3890 da
863 3834 1054 3917 Alessandria,
1073 3836 1100 3896 al
1116 3844 1196 3910 posto

123 3921 301 3984 lenteamine
316 3924 434 3998 Canopo,
446 3926 526 4000 lucre
538 3925 702 3997 umoroper
714 3923 740 3980 lu
752 3922 960 4004 scoufittsdella
977 3923 1054 4012 tlotta
1065 3925 1195 4005 bedeese.
