2970 4730
744 353 919 420 ..BG-

301 550 406 618 noque,
431 528 618 616 perillustres
640 544 707 594 esse
730 526 880 593 videntur.
905 525 1036 595 Tametsi
1058 526 1230 614 primorum
1253 528 1364 602 lomus

302 648 354 704 ant
376 655 482 703 eorum
505 635 558 721 qui
588 634 640 700 diu
665 635 698 699 in
727 632 949 720 magistratibus
971 644 1159 719 permanent,
1185 635 1297 702 decoro
1319 637 1364 701 la·

299 743 371 830 pide
393 752 423 809 et
445 742 597 828 quadrato,
620 761 658 807 ex
680 741 834 808 montibus
857 741 992 827 praeciso
1016 743 1110 827 magis
1133 763 1167 809 ac
1191 743 1285 828 magis
1308 743 1364 808 hac

298 862 475 938 tempestate
509 860 683 930 struantur,
714 851 848 936 plurimo
881 870 954 916 auro
985 858 1015 914 et
1053 849 1177 934 picturis
1216 849 1362 918 excultae.

299 959 450 1045 Memphis
473 957 599 1023 delubra
629 976 706 1042 quae
736 977 792 1023 suo
824 956 968 1022 vocabulo
991 958 1158 1024 Moecltetos
1188 964 1365 1040 nuncupant

299 1063 449 1140 Saraceni,
473 1081 602 1128 numero
627 1061 779 1149 quindena
801 1061 912 1139 millia,
938 1061 1104 1127 multorom
1127 1061 1273 1126 solemnia
1296 1079 1364 1132 esse

299 1169 448 1236 teruntur.
476 1170 614 1248 Quorum
637 1188 692 1254 ego
723 1171 873 1254 permulta
903 1177 933 1236 et
963 1169 1148 1254 peringentia
1178 1167 1256 1244 vidi,
1281 1177 1364 1234 secto

297 1293 337 1339 ex
359 1271 484 1339 collibus
507 1272 626 1357 lapide,
657 1292 782 1358 prorsus
805 1272 978 1351 aedificata,
1009 1272 1130 1358 egregio
1152 1291 1264 1357 opere,
1297 1281 1363 1337 tum

297 1377 462 1464 parietum,
486 1385 552 1442 tum
574 1377 737 1442 marmorei
760 1377 917 1456 tabulatus,
940 1385 1006 1443 tum
1029 1377 1194 1446 multarum
1215 1385 1364 1442 trecenta·

298 1502 430 1569 rumque
461 1503 499 1548 ex
529 1481 654 1548 candido
680 1501 832 1550 marmore
859 1484 1080 1550 columnarum.
1112 1482 1229 1563 Quibus
1255 1502 1364 1548 eorum

297 1597 374 1654 tecta
396 1588 564 1654 culminave
591 1597 701 1654 structa
732 1588 897 1655 fornicibus
927 1596 1142 1655 sustentantur.
1173 1591 1256 1669 Quae
1279 1609 1364 1654 rese·

299 1693 370 1758 ratis
386 1693 416 1758 in
443 1693 544 1760 medio
565 1693 658 1771 atriis,
678 1692 845 1779 viridisque
871 1694 991 1770 consitis
1007 1693 1176 1772 arboribus,
1193 1694 1364 1780 ingredien-

297 1798 376 1872 tium
394 1800 523 1872 ,animos
539 1863 541 1870 ,
560 1800 608 1865 vel
637 1799 853 1884 aspectantium
884 1798 992 1884 gaudio
1022 1808 1052 1864 et
1081 1800 1205 1866 ilaritate
1236 1800 1364 1866 mirifice

298 1906 463 1990 complent.
487 1905 554 1972 Non
577 1915 678 1972 tamen
701 1905 733 1970 in
756 1924 790 1970 ea
814 1903 992 1971 Christianis
1014 1914 1112 1990 pateat
1134 1905 1247 1982 aditus,
1271 1926 1364 1992 qnam

298 2030 364 2079 rem
387 2011 412 2077 si
435 2011 512 2078 forte
534 2012 648 2077 luerint
669 2010 809 2097 aggressi,
835 2030 961 2095 prorsus
976 2020 1027 2077 aut
1042 2011 1079 2076 iis
1094 2010 1298 2090 moriendum,
1314 2021 1366 2080 aut

298 2117 464 2190 Christiana
495 2117 570 2182 fides
608 2125 653 2182 est
683 2116 865 2202 deneganda.
898 2116 1022 2182 Caetera
1054 2126 1084 2183 et
1113 2117 1241 2184 mirilica
1271 2137 1364 2203 opere

299 2224 482 2310 plerumque
497 2231 586 2288 strata
602 2231 680 2301 sunt,
697 2232 727 2288 et
742 2224 879 2289 colorum
895 2223 1034 2300 varietate
1050 2224 1183 2310 depictae
1201 2225 1248 2291 vel
1263 2224 1364 2290 candi·

297 2329 353 2402 dae
370 2327 515 2413 poenitus.
533 2327 635 2394 Plebis
651 2328 854 2416 frequentiam
871 2329 921 2394 vin
945 2330 1016 2395 satis
1031 2329 1179 2416 conijoere
1190 2351 1364 2416 possumus.

296 2435 353 2501 Est
368 2451 478 2517 nempe
502 2431 636 2518 Memphi
652 2431 869 2498 confertissima
884 2435 1007 2519 populo,
1036 2453 1129 2521 quem
1151 2436 1240 2501 multi
1254 2455 1300 2514 ¹en
1316 2437 1363 2515 iis,

295 2539 352 2624 qui
375 2537 487 2614 diutius
511 2558 576 2604 eam
599 2537 769 2615 incoluere,
793 2538 904 2622 septies
928 2538 1027 2604 decies
1063 2548 1187 2607 centena
1220 2561 1287 2608 esse
1310 2563 1363 2607 au·

298 2653 422 2720 tument,
454 2645 538 2712 Licet
567 2644 716 2730 superiori
743 2643 931 2728 pestilentiae
959 2644 1042 2710 clade
1079 2646 1186 2725 1477,
1211 2646 1257 2732 (l)
1293 2667 1363 2730 cen·

297 2764 364 2821 tum
388 2763 418 2821 et
440 2753 539 2821 decies
561 2763 686 2819 centena
716 2752 819 2829 millia,
851 2751 923 2818 bino
946 2772 1051 2822 mense
1081 2754 1251 2838 consumpti
1282 2763 1362 2820 sunt.

296 2860 411 2930 Dietim
437 2870 537 2925 autem
567 2878 605 2924 ex
635 2858 764 2944 imperio
793 2857 957 2943 principis,
985 2867 1145 2945 supputato
1175 2879 1267 2946 quam
1294 2860 1363 2925 dili·

298 2973 428 3048 genter,
463 2965 523 3030 XX
556 2964 649 3029 millia
682 2963 772 3029 morti
803 2962 972 3029 occubuere
1008 2965 1122 3031 inventi
1145 2975 1224 3031 sunt.
1249 2967 1363 3032 Enaoto

297 3077 399 3134 autem
437 3067 526 3153 hujus
565 3077 699 3152 tempore
733 3066 855 3147 morbi,
885 3088 945 3133 non
980 3077 1080 3134 tamen
1113 3071 1215 3137 civitas
1250 3073 1362 3156 populo

298 3176 455 3242 imminuta
484 3176 657 3261 plusculum
692 3175 858 3243 videbatur.
891 3176 974 3244 llicis
1009 3177 1160 3264 siquidem
1190 3179 1265 3258 urbs
1299 3181 1362 3265 ipsa

297 3282 454 3368 quaternis
485 3280 571 3346 denis
601 3282 736 3348 millibus
767 3282 877 3348 relenta
910 3291 975 3360 est,
1006 3283 1141 3368 gentium
1172 3285 1362 3366 multitudine

298 3409 424 3473 prorsus
447 3387 585 3474 oppletis,
613 3407 673 3453 non
696 3396 811 3454 tantum
840 3408 877 3455 en
900 3389 1006 3454 accolis
1030 3399 1060 3456 et
1081 3390 1201 3475 populis
1228 3391 1363 3472 finitimis

312 3571 505 3588 *-

369 3664 409 3733 (t)
428 3663 450 3718 ll
467 3677 542 3719 secco
559 3659 602 3718 dei
629 3660 738 3729 deserti,
756 3660 781 3718 le
808 3662 976 3719 emanazioni
1000 3663 1169 3722 deleteriene
1183 3664 1364 3739 dellepaludi

293 3749 380 3807 launo
397 3765 516 3818 nascere,
533 3765 627 3822 spesso
645 3749 673 3806 in
692 3750 779 3822 quelle
797 3751 900 3823 regioni
918 3751 1049 3810 ilmorbo
1067 3761 1189 3824 cutaneo,
1202 3753 1276 3826 detto
1288 3763 1364 3827 peste

299 3837 452 3896 obubboni
470 3838 498 3894 di
517 3837 632 3909 Aleppo,
657 3837 706 3894 elne
729 3853 784 3894 non
809 3839 867 3895 solo
885 3839 921 3895 ba
939 3840 1059 3912 desolato
1083 3843 1107 3899 le
1125 3843 1189 3902 cittb
1213 3842 1241 3899 di
1260 3842 1331 3900 Siria
1350 3860 1364 3900 e

298 3925 327 3982 di
344 3925 488 3993 Palestinae,
507 3940 552 3982 ma
569 3925 654 3985 anche
671 3926 759 3998 quelle
776 3927 932 4004 d'Europa.
