2932 4728
556 328 732 394 ..33-

103 511 252 576 Santram
275 507 387 592 pariter
410 504 551 580 instruit,
575 499 693 569 tametsi
720 507 747 572 ei
770 505 808 571 sit
842 513 978 570 recenter
1012 527 1028 571 a
1051 506 1175 575 Venetis

105 612 262 679 traditum.
295 612 353 690 Qui
376 611 400 676 si
423 609 554 682 classico,
586 610 690 687 milite,
726 610 779 696 qui
804 610 861 676 sihi
882 631 976 696 paene
995 611 1174 678 innumerus

104 728 161 796 est,
186 715 299 804 pergit,
323 717 421 784 annoti
443 716 550 782 littoris
574 715 733 782 Christiani
756 717 879 802 oppida,
902 717 1057 801 praedari,
1081 718 1174 804 ¹depo-

104 827 224 912 pulari,
257 826 472 912 pecudumque
503 834 533 890 et
566 825 724 891 hominnm
748 825 873 910 praedas
903 845 1010 911 agere,
1034 824 1173 890 obsidere

47 955 49 958 ·
104 953 282 1019 expugnare
299 933 401 1010 urbes,
418 941 448 998 et
464 933 562 998 omnia
577 931 658 997 ferro
674 929 856 1018 flammaque
879 932 1017 1007 miscere,
1031 931 1173 1016 diripere,

102 1049 133 1104 et
155 1040 228 1126 quis
258 1057 350 1115 sane,
375 1039 429 1104 hac
458 1046 655 1123 tempestate,
687 1037 729 1103 sic
759 1038 921 1124 composita
950 1058 1021 1104 cum
1048 1037 1173 1107 Venetis

103 1167 188 1232 pace,
214 1147 242 1213 ei
265 1147 411 1212 obsistere
434 1166 470 1211 an
495 1146 635 1211 resistere
658 1145 790 1230 poterit?
813 1145 860 1232 (i)
884 1147 1029 1212 Omnium
1053 1153 1173 1230 pectora

103 1252 328 1319 cristianorum
350 1253 498 1318 concutiat
520 1251 568 1317 hic
591 1272 683 1337 pavor
705 1272 739 1318 ac
762 1251 846 1318 dirus
868 1261 1055 1318 commoveat
1077 1251 1172 1317 dator.

103 1361 193 1428 Tunc
227 1360 405 1445 praesertim
440 1367 544 1425 cuncta
575 1378 664 1424 ,nnnc
697 1359 780 1424 Italia
819 1359 1005 1436 dissidente,
1030 1368 1115 1424 etse
1139 1377 1172 1423 se

103 1465 236 1552 invicem
259 1464 379 1548 praeliis
402 1461 587 1539 conficiente,
603 1463 718 1528 cunctis
742 1462 931 1548 principibus
947 1463 1023 1539 eius,
1042 1472 1072 1528 et
1088 1461 1174 1528 Com·

101 1572 289 1637 munitatum
305 1569 444 1635 dominiis
460 1577 602 1635 mutuum
618 1570 649 1634 in
665 1570 791 1634 exitium
807 1569 896 1635 modo
921 1569 1106 1634 viventibus!
1123 1567 1171 1654 (2)

103 1677 281 1762 Compelior
312 1674 471 1760 equidem,
496 1673 537 1740 mi
561 1674 728 1752 Lndovice,
752 1674 834 1760 quod
857 1675 977 1760 saepius
1001 1683 1172 1740 nostrarum

101 1783 300 1848 miseriarum
322 1781 518 1847 calamitatem
541 1780 716 1864 deplorare:
739 1788 830 1866 atque
847 1780 981 1865 repetitis
1005 1780 1171 1846 identidem

104 1890 229 1955 vocibus
252 1909 269 1954 a
292 1887 386 1953 nostri
409 1887 523 1953 itineris
546 1887 709 1972 proposito,
725 1906 785 1952 non
808 1906 966 1972 nunquam
990 1887 1090 1952 verbis
1114 1887 1170 1952 dit

102 1997 171 2062 tabi.
199 1995 319 2080 Quippe
342 1995 394 2080 qui
409 1985 533 2060 ¹cladem
556 1992 766 2079 hujuscemodi
788 2003 980 2079 stragemque
1007 1994 1170 2080 perdicam,

102 2104 179 2169 mihi
203 2112 272 2168 ante
300 2104 402 2167 oculos
425 2101 552 2185 positam
576 2100 634 2168 iam
657 2100 760 2167 videre
785 2101 897 2167 videor.
915 2103 1094 2183 Quo-etiam
1117 2103 1171 2170 cla

102 2210 210 2275 mitare
226 2209 291 2294 ipse
307 2209 480 2292 compellar,
503 2207 617 2272 nnllam
633 2206 810 2273 Christianis
826 2207 977 2274 exitialem
993 2209 1170 2293 perniciem,

101 2316 172 2382 hnic
190 2316 340 2384 ullatenus
355 2313 585 2398 comparandam
597 2313 748 2398 obtigisse.
761 2313 912 2380 Adriatico
929 2314 997 2380 sinu
1013 2316 1170 2381 transmis-

102 2442 143 2497 so,
169 2431 238 2486 tum
257 2439 341 2485 mare
365 2419 552 2493 latissimum,
576 2420 698 2483 Iastium
731 2422 792 2484 aiae
813 2417 958 2503 dapenna,
983 2419 1171 2504 ingredimur

102 2529 259 2610 Eppram,
286 2527 436 2602 Grec-iam,
464 2527 691 2606 Cappadociam,
715 2527 947 2605 Natotiomqne,
978 2527 1170 2592 Tarcdarum

98 2637 282 2716 procinctae,
306 2631 336 2696 in
360 2632 474 2696 laevam
497 2629 624 2715 legendo
648 2629 820 2695 transimus.
843 2630 882 2694 Et
905 2629 1079 2696 innumeras
1097 2651 1169 2716 pae-

102 2760 140 2804 ne
176 2738 290 2803 insnlas
325 2757 454 2823 quarum
477 2737 658 2802 celebriores
684 2739 846 2814 Cdorciro,
874 2738 980 2813 Creta,
995 2739 1169 2820 -Cptderea,

103 3015 189 3088 poche
206 3031 253 3071 ore
271 3031 320 3089 per
336 3015 429 3072 uenire
446 3013 475 3072 di
493 3015 520 3071 u
538 3015 572 3072 ed
591 3013 715 3072 Otruntc.
727 3015 750 3071 ll
762 3014 802 3072 ne
819 3005 898 3072 Pirro
916 3015 957 3074 nel
972 3016 1064 3075 venire
1082 3033 1099 3074 o
1117 3033 1174 3074 soe·

103 3121 209 3160 cornere
230 3104 239 3160 i
255 3103 403 3172 Tarentini,
422 3119 541 3176 pensare
559 3103 587 3175 di
607 3103 684 3160 unire
701 3104 711 3159 i
728 3103 782 3161 due
798 3106 948 3163 continenti
966 3123 1015 3184 per
1035 3122 1127 3164 mezzo
1144 3104 1172 3162 dt
1225 3114 1227 3118 '

101 3195 141 3248 nn
159 3200 243 3266 ponte
261 3224 296 3235 -
314 3192 368 3249 Ora
385 3193 404 3249 il
418 3193 555 3267 Tetegrafo
573 3200 644 3252 sotto
657 3195 761 3251 marino
779 3195 898 3253 riunisoe
915 3197 925 3253 i
943 3196 996 3254 dne
1013 3197 1171 3254 continenti.

176 3282 215 3350 (t)
236 3281 268 3337 L'
281 3289 375 3338 autore
402 3281 507 3355 quaed
526 3283 715 3356 aitrovepare
739 3283 820 3341 abbia
844 3284 992 3358 dispiueera
1013 3284 1082 3342 della
1107 3300 1173 3357 poce

102 3365 293 3437 concluserint
318 3364 467 3434 Veneriani
491 3369 532 3424 eoi
558 3368 668 3426 Turoht.
692 3368 812 3427 Veneria
829 3371 853 3427 ai
871 3369 1014 3426 ricordava
1037 3370 1087 3428 che
1108 3385 1173 3427 cosa

104 3455 175 3512 fosse
193 3461 299 3512 toccato
317 3455 342 3510 el
354 3455 393 3513 Re
412 3455 438 3512 d'
449 3455 593 3530 Ungheria,
609 3457 682 3513 acui
694 3457 714 3512 il
726 3455 826 3529 Legato
840 3457 982 3514 Pontificio
1001 3472 1087 3514 avena
1105 3455 1173 3515 fatto

103 3557 228 3617 rumpere
246 3544 273 3599 le
291 3559 357 3616 pace
375 3545 501 3602 conclusa
519 3544 588 3618 cogii
607 3544 775 3602 Ottomanni.

175 3632 214 3701 (Ξ)
235 3631 344 3688 Ariosto
373 3649 426 3689 non
446 3633 555 3690 nomina
584 3633 655 3690 Sistc
674 3633 855 3692 1v1‘anura
878 3634 946 3692 dede
964 3634 1110 3704 discordie,
1129 3649 1174 3692 mo

105 3715 123 3772 it
142 3717 299 3790 Waddingo
316 3719 348 3774 ed
367 3719 386 3776 il
406 3719 602 3789 Maeclriavetti,
623 3719 670 3792 piri
688 3719 819 3792 esplieiti,
838 3721 986 3794 deplorano
1003 3721 1052 3779 che
1070 3721 1090 3779 il
1108 3737 1175 3794 pen·

106 3807 174 3863 siero
192 3807 261 3865 dede
279 3823 340 3866 cose
357 3808 399 3865 del
419 3809 517 3882 Mundo
536 3809 711 3882 distogtiesae·
723 3808 740 3865 11
754 3825 827 3883 papa
845 3810 916 3867 dalla
933 3809 1019 3868 diiesa
1037 3810 1106 3868 delta
1125 3811 1176 3868 lte·

107 3894 183 3964 gione
200 3913 217 3954 e
236 3895 306 3952 detto
325 3897 491 3955 Cristianit'a.
538 3933 542 3938 -

243 3987 266 4048 3
