2970 4730
598 338 773 403 -tsa-

149 508 187 578 ad
210 511 415 598 spectaculum
437 521 617 578 convenerat
630 532 766 580 asserere
782 511 966 580 conabantur
981 532 1013 579 se
1030 524 1101 580 tunc
1116 524 1218 586 mente

25 695 26 720 χ
151 627 252 704 raptos
274 617 449 695 excessisse,
473 626 503 683 et
526 617 584 684 Ilei
606 617 749 705 Angelos,
774 619 1127 704 suumquepropbetam
1156 623 1217 688 ltla·

150 721 323 800 humetum,
347 741 408 787 non
430 722 530 788 solum
553 721 673 801 vidisse,
698 722 752 789 sed
775 722 814 789 de
829 723 1061 810 quamplurimis
1076 745 1109 792 se
1125 726 1219 792 luisse

25 919 26 928 ἵ
150 837 369 913 percunctatos.
393 826 454 898 Alii
478 846 549 894 vero
571 828 732 914 pergrandi
755 828 879 913 capitis,
903 827 1100 917 omniumque
1114 833 1219 918 exagi-

150 933 260 1000 tatione
283 933 518 1012 membrorum‚
542 953 576 1000 sc
598 934 680 1020 ipsos
703 933 967 1001 vehementissime
990 936 1217 1023 quatiebantur,

149 1039 241 1127 rique
263 1039 470 1125 permaxima,
493 1039 659 1127 irrequieto
681 1039 784 1106 labore
806 1041 903 1126 capti,
934 1041 966 1107 in
997 1051 1109 1109 terram
1140 1063 1218 1130 pene

149 1145 400 1231 praecipitantes,
432 1165 466 1212 se
495 1146 554 1212 iter
584 1154 709 1231 repente
739 1146 883 1216 tollebant
912 1147 944 1214 in
974 1168 1052 1215 aera.
1077 1150 1219 1238 Cumque

149 1251 267 1317 diutius
290 1252 329 1317 ita
352 1251 490 1337 exagitati
513 1252 705 1339 quassatique
728 1251 864 1331 luissent,
888 1273 940 1320 ore
963 1255 1089 1322 uberius
1112 1257 1220 1341 despu-

149 1363 268 1422 mantes
294 1356 453 1422 interram
474 1355 681 1434 concidebant,
705 1355 922 1424 collidebantur
944 1356 1091 1442 majorem
1107 1360 1138 1424 iu
1152 1379 1218 1426 mo·

148 1460 235 1528 dum.
260 1461 319 1541 Qui
342 1460 539 1546 postsublati
562 1461 600 1528 ab
624 1480 731 1528 eorum
747 1462 848 1547 aliquo
871 1471 901 1528 et
922 1461 1066 1549 inquisiti,
1083 1465 1166 1550 quod
1179 1467 1218 1536 ,iu

148 1587 183 1634 ea
206 1568 301 1634 extasi
324 1567 488 1645 uidissent,
514 1567 740 1654 respondebant
762 1566 844 1653 quod
874 1587 933 1633 non
964 1569 1063 1643 solum
1086 1571 1218 1658 Angelos

148 1683 180 1752 et
202 1671 434 1750 blabumetum,
458 1671 513 1738 sed
538 1673 694 1740 beatarum
716 1671 823 1738 choros
846 1672 1036 1752 animarum,
1068 1693 1102 1740 ac
1130 1677 1218 1762 plura

147 1797 227 1864 quae
249 1796 311 1843 nou
335 1777 405 1844 licet
427 1777 541 1846 homini
565 1777 676 1865 loqui,
700 1778 905 1849 necessatis
929 1776 984 1844 lari
1013 1798 1112 1865 posse.
1144 1783 1217 1862 Qui·

148 1903 211 1971 que
232 1882 630 1968 daemonumpraestipiis,
653 1890 688 1948 ut
710 1882 817 1968 procul
838 1881 931 1949 dubio
955 1901 1041 1963 reor,
1065 1895 1217 1970 spectante

148 1990 283 2076 populo,
307 1987 345 2054 de
379 1988 444 2054 loco
479 1988 617 2081 titionem
650 2006 711 2053 nou
746 1987 913 2054 extinctum
946 1987 1001 2054 sed
1035 1989 1216 2070 ardentem,

148 2094 280 2162 llammis
303 2094 483 2180 accipientes
506 2092 622 2180 capillis
652 2093 870 2173 admovebant,
901 2094 955 2181 qui
977 2114 1016 2161 ne
1044 2097 1218 2182 plusculum

150 2200 305 2266 urebatur.
329 2200 368 2272 Et
391 2198 494 2265 titione
518 2197 638 2284 penitus
661 2197 692 2263 iu
716 2217 769 2280 ore
793 2197 941 2285 conjecto,
964 2199 1052 2267 sicuti
1078 2211 1219 2276 contuen-

149 2305 230 2372 tibus
252 2303 434 2383 videbatur,
460 2305 632 2394 nullatenus
654 2303 765 2389 lingua,
788 2304 954 2390 pellatove,
978 2316 1029 2372 aut
1053 2307 1142 2377 labiis
1160 2309 1216 2388 ,irr-

147 2410 257 2482 uendio
280 2410 475 2478 laedebantur
500 2409 559 2496 (l).
583 2412 692 2490 Quare,
715 2409 862 2484 nimirum
885 2409 984 2489 fiebat,
1012 2421 1046 2476 ut
1077 2414 1146 2480 rudi
1168 2435 1218 2500 pe

148 2519 222 2605 pulo
240 2526 275 2586 ,et
296 2517 449 2585 incautum
472 2534 597 2582 suarum
619 2514 749 2591 artium,
769 2513 968 2585 ¹deliramenta
991 2535 1069 2603 quae
1092 2520 1217 2603 praelati

148 2645 258 2699 sumus
277 2643 374 2709 ,quam
393 2622 479 2690 facile
501 2620 729 2708 persuaderent,
754 2639 813 2688 nou
836 2621 992 2690 mendacio
1015 2622 1215 2706 nixa-„luisse

149 2729 203 2796 sed
232 2749 357 2815 prorsus
386 2747 452 2794 esse
484 2728 661 2806 verissima,
693 2747 791 2814 quum
821 2727 914 2814 aliqui
938 2739 1124 2800 ¹nostrorum,
1149 2733 1216 2800 talia

148 2844 343 2922 aspectantes,
367 2852 488 2900 summo
500 2842 629 2919 ,stupore
644 2832 869 2918 admirabantur
884 2833 915 2899 id
932 2834 999 2907 lieri
1014 2856 1115 2922 posse..
1129 2839 1216 2918 cuod

146 2952 180 3009 et
201 2940 308 3028 prandi
325 2941 474 3007 miraculo
498 2958 583 3025 pene.
600 2937 803 3024 deputabant,
835 2939 1006 3025 ignorantes
1036 2944 1124 3030 plane
1149 2945 1217 3014 dac·

148 3048 248 3124 monis
264 3046 429 3133 praestigia
453 3053 527 3131 quot
549 3053 581 3110 et
603 3051 731 3130 quantae
747 3053 827 3124 sunt,
844 3054 878 3111 ut
892 3045 1035 3118 deludant
1057 3049 1216 3120 hominum

148 3163 267 3220 mentes
300 3160 389 3237 atque
420 3150 591 3236 seducant,
616 3149 805 3235 proindeque
847 3150 985 3224 seductas
1026 3143 1215 3229 inanissimas

139 3258 320 3343 impiosque
343 3256 494 3324 deducant
516 3273 636 3320 errores
646 3276 659 3332 ,-
682 3262 716 3320 ut
739 3273 794 3340 ego
817 3254 876 3321 illis
899 3275 990 3342 quam
1018 3259 1123 3334 multis
1153 3260 1215 3328 dis·

149 3364 243 3434 serui.
268 3364 312 3432 Ac
336 3370 495 3448 propterea
518 3359 626 3450 barum
649 3359 803 3438 occasione
825 3381 931 3438 rerum
950 3362 1044 3440 deri,
1059 3364 1214 3448 potuisse,

150 3480 185 3536 ut
207 3471 284 3535 banc
299 3468 464 3538 Mahumeti
480 3477 590 3534 sectam
605 3475 797 3555 caeterasque
820 3468 908 3535 falsas
931 3470 1100 3557 religiones,
1118 3474 1214 3540 varios

223 3707 264 3797 (u
283 3712 383 3792 onesta
401 3687 652 3786 orassemus
670 3724 986 3800 aucus-ouantibus.
1003 3726 1046 3790 cu
1063 3727 1150 3802 upon
1171 3729 1215 3800 nu

150 3815 243 3887 ltaque
261 3813 289 3883 di
307 3815 406 3894 Napoli
423 3830 506 3878 ertno
524 3814 620 3875 famosi
648 3829 697 3888 per
718 3813 744 3872 la
762 3811 830 3882 loro,
847 3819 915 3874 arte¹
931 3813 961 3875 di
982 3823 1096 3887 portare
1107 3825 1215 3880 attorno

151 3904 218 3960 sollo
237 3900 310 3958 mani
328 3900 438 3960 carboni
456 3901 569 3982 ardenti,
588 3917 604 3985 9
622 3901 650 3962 di
668 3899 845 3982 camminatui
866 3916 947 3980 sopra
964 3917 981 3979 a
998 3903 1169 3976 placitandi.¹
