2932 4728
723 338 930 438 '-al-

310 546 622 634 archipresbiteralem
645 545 817 632 dignitatem
843 547 973 634 adeptus
997 546 1048 624 sis,
1073 567 1164 635 quam
1187 551 1282 637 magis
1305 549 1376 636 quia

311 666 340 722 te
358 657 422 743 jam
445 655 563 722 dudum
593 675 632 720 ex
654 675 762 721 eorum
793 675 905 742 genere
936 652 1094 720 bominum
1118 658 1205 735 novi,
1237 657 1289 742 qni
1313 677 1374 722 non

239 755 241 758 ’
310 785 362 830 sua
385 773 559 849 querentes,
584 762 637 828 sed
660 783 738 848 quae
761 765 830 828 lesu
845 761 976 838 Christi,
1001 781 1033 826 se
1057 771 1140 828 natos
1163 762 1199 828 ad
1224 764 1373 839 lromines,

304 867 473 955 juvandos,
497 869 635 935 tutandos
652 867 941 957 conservandosque
965 867 1156 935 arbitrantur.
1180 872 1279 950 Quare
1302 885 1374 954 pro-

308 974 385 1040 lecto
408 973 482 1039 nihil
505 973 679 1051 officiosius,
706 973 780 1039 nihil
805 972 1011 1057 praestantius,
1044 970 1120 1038 nibil
1142 971 1374 1040 laudabiliusin

308 1081 390 1147 omni
413 1100 524 1166 genere
548 1081 629 1146 vitae
648 1100 715 1146 esse
741 1089 838 1165 potest
851 1101 859 1157 ;
890 1087 981 1164 atque
1005 1088 1162 1171 propterea
1185 1081 1297 1146 credita
1319 1079 1373 1144 tibi

308 1188 435 1254 eximiae
459 1189 576 1254 virtutis
599 1209 615 1253 a
631 1188 689 1254 deo
706 1188 823 1264 talenta,
843 1205 950 1271 magno
966 1205 1036 1251 cum
1052 1185 1175 1266 locnore
1198 1186 1375 1254 redditurus

307 1295 387 1361 lraud
410 1294 523 1361 dubito.
548 1295 710 1362 Caeterum
733 1315 771 1361 no
794 1294 963 1359 desidiosus
987 1303 1017 1358 ct
1039 1293 1103 1379 ipse
1125 1303 1280 1380 torperem
1303 1296 1373 1362 otio:

307 1400 404 1466 tribus
427 1401 537 1466 exactis
561 1401 621 1466 iam
651 1399 754 1477 annis,
778 1398 938 1484 apostolica
961 1396 1114 1482 iungendo
1143 1399 1373 1477 commissione,

307 1509 337 1574 in
361 1507 482 1594 Syriam
505 1527 566 1573 non
589 1507 689 1572 solum
712 1505 886 1590 enavigavi,
910 1513 940 1570 et
962 1502 999 1568 ad
1022 1505 1238 1572 Maronitarum
1268 1515 1374 1591 gentes

306 1616 473 1701 evangelion
498 1614 679 1681 erudiendas
702 1612 733 1678 in
750 1611 820 1687 lide,
830 1610 903 1697 juga
920 1610 1025 1677 Libani
1046 1611 1156 1677 montis
1171 1612 1302 1690 ascendi,
1319 1612 1373 1677 sed

306 1742 366 1788 nou
388 1723 487 1788 nullas
501 1740 624 1808 quoque
641 1722 827 1787 Graecarum
843 1717 965 1794 insulas,
984 1736 1108 1782 omnem
1131 1737 1225 1802 paene
1241 1719 1372 1804 Syriam,

306 1831 482 1915 Egyptum
508 1828 712 1913 Arabumque
728 1828 891 1892 Desertam
908 1833 937 1889 et
953 1823 990 1888 ad
1006 1832 1139 1889 montem
1159 1825 1249 1910 Synai
1273 1822 1374 1912 usque

307 1936 406 2021 longe,
430 1936 549 2021 lateque
571 1935 750 2019 pervagatus
773 1952 852 1998 sum.
877 1933 917 1998 Ut
935 1929 999 2015 jam
1022 1929 1139 1996 dudum
1163 1931 1312 2017 sejunctos
1336 1932 1373 1998 ab

306 2042 420 2108 unitate
441 2044 595 2108 Romanae
619 2039 771 2106 Ecclesiae
802 2041 949 2116 Graecos,
982 2038 1088 2104 ociosis
1118 2049 1149 2105 et
1170 2040 1374 2126 pertinacibus

306 2146 533 2234 quaestionibus
546 2143 750 2216 discordantes
759 2144 806 2231 (l)
815 2145 852 2210 ad
863 2144 1049 2211 individuam
1061 2147 1212 2212 Romanae
1220 2147 1373 2212 Ecclesiae

307 2254 505 2332 charitatem,
537 2254 696 2320 unanimes
727 2252 951 2338 concordesque
983 2252 1185 2332 reducerem,
1216 2255 1252 2320 ad
1276 2254 1373 2339 ipsam

307 2363 413 2450 utique
436 2363 572 2430 omniurn
589 2363 738 2439 fidelium,
757 2362 875 2427 unicam
890 2370 1028 2439 matrem,
1045 2361 1251 2426 Sacrosantam
1265 2361 1372 2428 Catho-

281 2458 286 2484 ‘
308 2471 395 2537 licam
417 2481 447 2538 et
470 2466 672 2562 apostolicam
694 2469 860 2536 Ecclesiam
877 2471 1051 2536 Romanam
1076 2466 1170 2553 Cujus
1186 2469 1302 2553 wspiritu
1319 2489 1373 2534 nos

306 2577 441 2657 animari,
464 2577 546 2644 loetu
562 2577 652 2656 nasci,
669 2575 878 2654 lacte'nutriri,
897 2574 1112 2661 proculdubio
1132 2583 1255 2641 constat.
1273 2577 1372 2654 Quam

304 2683 337 2752 in
361 2684 519 2750 simoniam
542 2704 612 2751 cum
635 2684 716 2749 nulla
747 2683 859 2749 ratione
891 2680 1019 2748 enordes
1042 2681 1089 2747 isti
1122 2682 1235 2748 valeant
1257 2681 1370 2758 induci,
1414 2743 1417 2750 .

307 2810 488 2876 magnopere
515 2789 683 2856 verendum
707 2797 772 2866 est,
796 2808 834 2853 ne
865 2797 976 2853 actum
996 2787 1034 2852 sit
1057 2787 1096 2852 de
1120 2787 1184 2863 eis,
1214 2807 1312 2874 quum
1334 2787 1372 2852 ab

307 2897 494 2982 insipientiae
518 2916 590 2962 suae
613 2896 727 2963 deliriis
761 2914 918 2981 nunquam
941 2893 1126 2979 resipiscant.
1142 2895 1289 2973 Quorum
1312 2893 1372 2958 iam

306 3000 406 3066 missis
429 3001 560 3086 ineptiis,¹
583 3000 801 3086 erroribusque
821 2997 995 3076 mortiferis,
1019 2998 1056 3064 ad
1079 3007 1180 3064 nostro
1203 2999 1373 3084 peregrina·

305 3126 512 3143 *—

378 3189 416 3257 (1)
436 3187 473 3244 Le
491 3185 598 3258 disputo
616 3185 706 3243 inutili
725 3183 768 3242 dei
787 3183 880 3252 solisti,
904 3182 1089 3242 meritamente
1109 3181 1196 3240 derise
1209 3181 1245 3239 da
1263 3181 1372 3238 Sdcrate

306 3275 377 3348 aegii
395 3275 483 3333 ultimi
502 3275 567 3332 anni
585 3273 655 3332 della
673 3274 767 3332 Gracia
785 3273 884 3341 antica,
902 3273 999 3329 lurono
1017 3271 1045 3327 di
1064 3287 1129 3344 grau
1148 3271 1229 3344 lunga
1246 3278 1373 3343 superate
1453 3271 1454 3360 ]

245 3407 247 3410 -
305 3365 375 3422 dalle
393 3363 500 3436 disputo
524 3362 646 3435 religiose
666 3361 709 3418 dei
731 3361 809 3419 Greci
827 3360 870 3442 del
891 3359 976 3416 Basso
995 3357 1109 3432 lmpero.
1134 3357 1167 3415 Se
1192 3366 1222 3415 tu
1243 3357 1372 3414 domandi

182 3460 202 3486 ²
305 3451 340 3510 ad
358 3467 395 3508 un
414 3451 526 3518 tornaio,
543 3457 646 3523 quanto
664 3456 738 3505 costa
756 3448 775 3505 il
794 3463 871 3520 pane,
889 3447 948 3504 dica
966 3462 1021 3504 uuo
1039 3446 1163 3504 scrittore
1181 3439 1371 3512 ecclesiastico,

216 3587 219 3594 .
302 3539 359 3612 egli
374 3537 398 3596 ti
413 3537 541 3611 risponde
564 3536 613 3594 obe
632 3536 658 3592 lo
676 3535 776 3608 Spirito
800 3535 883 3593 Sauto
904 3544 959 3590 nou
979 3536 994 3590 e
1012 3533 1080 3591 della
1102 3541 1199 3590 natura
1216 3533 1259 3590 del
1279 3531 1373 3606 padre

304 3628 393 3694 110111,
412 3626 523 3696 indotti,
546 3626 715 3699 imperatori,
736 3625 857 3693 vescovi,
879 3624 943 3682 tutti
968 3623 1142 3682 disentevauo
1166 3640 1182 3680 a
1200 3622 1284 3682 dritto
1302 3621 1338 3680 od
1357 3637 1373 3679 a

304 3714 429 3772 roresoio
444 3715 471 3770 di
490 3715 624 3786 religione.
643 3715 698 3770 Che
717 3713 785 3785 piu?
805 3711 913 3768 Cadora
925 3711 1144 3786 ¹costantinopoli
1163 3710 1196 3766 ed
1214 3711 1223 3767 i
1241 3710 1312 3783 greci
1332 3725 1374 3766 sa·

304 3805 406 3861 cerdoti
423 3803 633 3877 quistionavano
651 3802 735 3859 anche
758 3803 844 3857 allora
864 3801 891 3857 di
910 3801 1046 3874 religione.
1068 3801 1080 3856 1
1099 3800 1176 3857 latini
1195 3791 1259 3873 perd
1277 3795 1371 3880 invoco

303 3894 329 3950 dt
349 3909 459 3966 passare
476 3907 558 3965 sopra
578 3893 665 3965 quelle
683 3890 866 3970 obiaoolriere,
885 3890 907 3948 si
920 3905 1099 3965 opponevano
1118 3883 1371 3948 sistematioamouto

302 3982 335 4040 ed
353 3984 371 4038 il
390 3982 458 4038 male
475 3996 607 4040 orescara.
1131 3968 1133 3972 ’
1257 3972 1260 3977 ’
