2932 4728
561 305 736 370 -rll-

112 501 277 559 occasum,
311 497 454 567 magnum
484 481 542 546 sibi
572 480 719 567 populum
750 501 787 546 cx
821 479 961 548 munibus
992 479 1130 572 tribubus
1154 489 1188 546 et

111 589 237 673 linguis,
251 588 309 654 sub
325 589 385 653 alas
401 607 469 652 suas
486 606 552 652 esse
569 595 742 652 venturum.
764 585 899 652 Vivisrcis
922 584 1035 673 quippe
1051 584 1183 652 fontibus

109 714 212 780 genus
237 695 378 780 irrigatur
400 693 578 759 humanum.
604 692 666 758 Sed
686 692 766 758 hunc
786 691 858 757 ideo
881 691 1024 756 Calvarim
1049 701 1183 758 montem

110 799 261 883 appellari
285 797 408 884 quidam
432 817 492 863 non
516 795 659 862 ineruditi
683 797 796 874 volunt,
821 815 914 882 quare
939 796 1028 880 primi
1053 794 1186 861 hominis

110 903 214 970 Adam
246 905 288 970 ibi
318 903 442 970 calvaria
474 901 529 988 (l)¹
551 901 668 968 condita
699 902 756 979 sit,
781 901 864 987 quod
898 901 1050 967 secundus
1085 901 1183 970 Adam

110 1009 278 1086 Christus,
303 1009 341 1074 de
363 1029 452 1075 eruce
476 1009 629 1094 sanguinis
664 1008 749 1073 stillis
778 1009 978 1094 Protoplausti
1010 1019 1039 1074 et
1058 1008 1183 1094 jacentis
1298 1006 1300 1011 ’

110 1116 322 1202 propagatoris
338 1124 456 1200 peccata
472 1115 611 1181 dilueret.
630 1115 677 1182 Ob
696 1115 777 1202 quod
794 1125 824 1181 et
839 1115 911 1181 illud
936 1115 1082 1202 Apostoli:
1099 1118 1185 1202 Eupo

110 1228 168 1308 qui
192 1227 308 1288 dormis
330 1231 357 1288 et
379 1242 533 1306 emurque
563 1227 693 1288 mortuis
723 1233 750 1288 et
772 1226 953 1290 illumin-ulit
983 1233 1009 1289 te
1035 1226 1186 1292 Glarirtue.

111 1333 194 1398 Hinc
217 1350 290 1396 uero
314 1328 394 1399 haud
418 1329 506 1414 longe
530 1329 568 1394 ad
592 1329 707 1394 domini
730 1329 958 1415 proficiscemur
980 1336 1185 1420 sepulchrum,

111 1437 204 1524 cujus
229 1437 317 1521 plane
341 1435 456 1520 gloria,
488 1435 584 1500 multo
615 1445 682 1501 ante
714 1456 806 1522 quam
831 1436 869 1502 de
893 1439 983 1503 Petra
1012 1437 1050 1502 ad
1074 1437 1184 1522 loseph

107 1543 309 1609 excideretur
341 1541 476 1607 vaticinio
508 1542 683 1627 prophetata
706 1552 771 1620 est,
788 1543 875 1629 lsajee
899 1542 1041 1608 dicentis:
1065 1545 1108 1610 m
1128 1549 1185 1610 crit

111 1657 290 1735 sepulcrum
312 1654 377 1732 ejus
406 1655 582 1735 pluriorem.
608 1651 777 1718 Cernemus
800 1651 837 1717 ad
861 1655 930 1718 lesu
963 1652 1057 1736 pedes
1081 1651 1186 1718 seden-

113 1769 177 1826 tem
202 1758 367 1843 Angelum,
391 1759 458 1823 eius
475 1778 546 1826 vero
569 1778 679 1843 corpus
699 1759 825 1826 sindone
841 1759 1019 1836 involutum,
1043 1759 1081 1824 ad
1097 1769 1185 1845 caput

111 1865 239 1932 sudario
274 1865 478 1930 convolutum.
502 1864 801 1949 contemplabimur,
834 1875 863 1932 et
899 1866 1086 1952 resurgentis
1120 1867 1185 1952 glo··

114 1973 207 2048 riam,
232 1990 291 2057 qua
314 1971 432 2036 contriti
456 1981 529 2036 sunt
556 1971 644 2038 inferi
669 1985 698 2037 et
720 1973 796 2038 lacto
826 1982 916 2038 terrae
939 1982 1023 2038 motu
1048 1972 1182 2050 insolito,

113 2076 271 2143 conterriti
293 2085 363 2141 sunt
385 2075 524 2141 custodes
547 2075 642 2153 dum,
671 2076 785 2142 devicta
808 2077 1052 2164 triumphatoque
1075 2086 1183 2158 morte,

110 2187 204 2272 longo
239 2194 409 2250 sanctorum
441 2184 560 2270 agmine
591 2184 669 2251 redit
699 2184 736 2250 ad
763 2204 899 2270 superes.
930 2185 1018 2265 Quod
1047 2194 1077 2250 et
1099 2193 1184 2250 antea

115 2290 213 2356 David
239 2290 270 2354 in
294 2289 410 2375 psalmo
441 2288 633 2373 predixerat:
665 2310 779 2372 euurqc
808 2295 906 2375 glorio
928 2310 1018 2368 meu,
1048 2309 1183 2378 euurpe,

111 2401 292 2480 psalterium
321 2405 349 2462 et
382 2398 529 2480 Cythera.
559 2396 784 2484 paululumque
815 2396 988 2462 secedentes
1018 2396 1055 2462 ab
1086 2404 1185 2462 sancta

117 2503 194 2568 urbe
218 2501 255 2567 ad
279 2501 394 2567 radices
417 2504 532 2570 Montis
566 2503 670 2568 Oliveti
694 2511 774 2568 trans
805 2510 970 2567 torrentem
996 2505 1131 2579 Codrum
1155 2510 1186 2566 ct

116 2617 269 2694 praecepto
291 2607 488 2674 illustrissimi
511 2607 584 2672 vatis
601 2607 696 2674 David
716 2607 967 2693 obtemperantes,
991 2608 1183 2673 adorabimus

117 2715 148 2781 in
171 2716 238 2780 loco
261 2713 314 2780 ubi
337 2722 485 2779 steterunt
508 2713 602 2798 pedes
619 2714 694 2780 eiua.
712 2715 776 2780 Hoc
792 2724 838 2779 est
860 2734 919 2784 non
936 2715 1035 2780 solum
1050 2714 1081 2790 in
1097 2713 1185 2802 horto

120 2823 324 2898 Gettaemcui,
347 2819 401 2885 ubi
423 2842 440 2885 a
464 2819 640 2885 satellitibus
655 2820 757 2886 missis
780 2841 797 2885 a
821 2819 1010 2905 principibus
1026 2828 1056 2886 et
1078 2818 1187 2885 scribis

116 2926 356 3012 comprehensus
380 2935 435 3004 est,
460 2926 513 2992 sed
538 2927 627 2994 etiam
650 2925 687 2991 ad
702 2926 809 3011 lapidis
824 2927 944 3004 iactum,
969 2925 1000 2990 in
1024 2946 1057 2992 ea
1080 2925 1183 3011 cripta,

117 3031 148 3096 in
171 3051 232 3117 qua
254 3030 348 3096 factus
371 3030 403 3096 in
422 3030 571 3124 Angenio,
589 3030 657 3116 (sic)
680 3032 878 3117 sanguineum
902 3031 1045 3112 sudorem
1069 3031 1186 3112 elludit.

117 3137 256 3203 Subinde
272 3136 391 3202 veroin
407 3137 560 3214 verticem,
576 3136 814 3202 conscendemus
833 3141 937 3205 oliveti
948 3140 1072 3215 Montis,
1090 3137 1186 3222 ipsius

119 3243 265 3327 impressa
289 3242 384 3309 humo
407 3243 565 3310 adorantes
593 3243 724 3328 vestigia.
749 3245 832 3309 Dum
853 3243 1021 3309 videntibus
1045 3242 1187 3327 apostolis

120 3356 149 3413 et
171 3356 279 3425 matre,
304 3347 408 3433 etqui
432 3347 625 3432 praeordinati
649 3357 754 3424 erant,
784 3347 972 3414 ascendendo
994 3346 1139 3432 gradatim
1155 3354 1186 3410 et

119 3452 315 3538 pedetentim,
339 3453 500 3519 subvectus
523 3462 568 3519 est
583 3453 614 3518 in
634 3454 753 3520 caelum.
770 3454 830 3522 Ubi
852 3452 948 3538 angeli
964 3452 1024 3516 duo
1040 3451 1071 3515 in
1096 3449 1184 3515 vesti·

120 3617 334 3634 ——en

192 3695 232 3763 (l)
250 3694 311 3750 Non
330 3694 372 3767 gil
398 3696 497 3768 perche
524 3696 562 3753 iri
580 3697 651 3752 losse
669 3696 688 3753 il
707 3711 775 3768 capo
792 3694 819 3750 d’
831 3694 952 3763 Adamo,
972 3709 1016 3750 ma
1040 3693 1137 3766 perche
1156 3692 1184 3748 in

121 3781 238 3838 Ebraico
256 3782 281 3838 la
299 3784 393 3855 parola
411 3785 476 3842 vuol
497 3784 556 3842 dire
579 3784 678 3842 Granio
696 3801 712 3840 o
730 3784 802 3840 Colle
825 3782 868 3840 dei
892 3783 1000 3852 Cranii,
1020 3781 1134 3841 essendo
1151 3796 1185 3838 su

122 3871 183 3942 quel
201 3870 268 3935 colle
287 3872 361 3938 molti
379 3875 464 3938 cranii
483 3874 526 3934 d·.i
545 3873 711 3944 delinquenti
731 3873 769 3930 ivi
789 3872 945 3945 giustiaiati.
973 3939 975 3944 Ι
