2970 4730
732 327 909 393 -llD-

288 504 397 571 urbem
413 503 529 588 navigio
545 501 705 578 venissem,
729 521 796 568 rem
819 503 946 580 silentio,
970 521 1163 589 nequaquem
1179 504 1353 572 caelandum

286 631 305 676 a
327 610 417 676 fratre
439 607 534 675 nostri
556 608 679 686 ordinis,
703 607 790 694 cujus
811 609 1017 676 testimonium
1040 611 1110 675 satis
1134 609 1259 676 firmum
1284 620 1354 688 est,

288 715 388 800 accepi
411 715 579 781 Turcarum
601 716 840 799 Imperatorem,
875 715 1008 800 plurima
1032 725 1063 782 et
1084 716 1260 783 admiranda
1281 717 1354 786 fidei

289 821 474 887 Christianae
497 821 649 906 religionis
672 840 764 905 penes
789 841 822 886 se
839 830 1050 897 monumenta,
1066 821 1171 906 grandi
1190 821 1356 888 admodum

289 927 480 994 veneratione
503 925 625 1012 fideque
648 926 792 992 detinere.
810 925 860 1012 (l)
887 928 1072 994 Praesertim
1104 926 1210 993 Crucis
1233 928 1357 993 Domini

288 1035 382 1101 uostri
398 1036 468 1100 Iesu
484 1034 594 1100 Christi
615 1033 794 1120 portionem,
817 1054 910 1119 quam
932 1055 1007 1101 auro
1031 1044 1061 1101 et
1084 1035 1250 1121 Margaritis
1273 1054 1357 1113 orna·

289 1150 360 1219 tam,
383 1142 509 1226 Magnus
532 1140 753 1219 Constantinus,
777 1150 844 1207 ante
867 1149 973 1226 pectus
996 1160 1111 1210 somma
1135 1141 1278 1226 religione
1302 1141 1356 1207 de·

289 1254 421 1331 portans,
444 1245 573 1330 posteris
595 1265 718 1332 quoque
741 1245 930 1331 principibus
954 1244 1110 1310 ferendam
1133 1245 1244 1330 pariter
1267 1245 1357 1312 dere-

289 1351 386 1437 liquit.
402 1350 562 1436 Etiamque
578 1350 736 1416 nonnullas
752 1369 878 1415 coronae
895 1350 995 1435 spinas
1011 1358 1110 1415 acutas
1125 1349 1251 1436 quidem
1266 1360 1357 1437 atque

290 1457 458 1541 perlongus,
482 1455 594 1543 quibus
616 1455 699 1522 idem
722 1456 877 1521 Dominus
896 1465 987 1542 atque
1011 1456 1156 1533 Salvator,
1172 1457 1358 1522 atrocissime

228 1619 231 1624 .
290 1571 420 1647 punctus
443 1562 538 1627 extitit
561 1561 592 1627 in
614 1561 762 1646 passione.
780 1563 839 1627 Has
855 1571 966 1640 autem,
990 1571 1021 1628 et
1043 1562 1074 1627 iu
1098 1561 1236 1648 ejusdem
1258 1561 1356 1647 impe·

291 1667 397 1733 ratoris
420 1687 512 1733 mauu
535 1675 702 1734 sacrosante
726 1667 844 1733 veheris
865 1667 915 1733 die
938 1667 1023 1754 (quo
1046 1667 1189 1733 dominus
1212 1668 1277 1753 ipso
1300 1666 1358 1734 sub

290 1775 396 1841 Pontio
411 1775 524 1841 Pilatus
541 1793 649 1859 passus
664 1774 734 1859 est)
749 1774 1010 1859 conspectantibus
1026 1774 1130 1839 multis
1145 1773 1252 1840 Turcis
1268 1782 1358 1859 atque

291 1877 488 1956 Christianis,
519 1877 667 1963 stupendo
696 1876 834 1944 floruere
871 1877 1027 1944 miraculo.
1059 1878 1204 1944 Tunicam
1233 1897 1358 1964 quoque

290 1985 414 2050 Domini
436 1986 506 2050 Iesu
529 1984 751 2063 inconsutilem,
775 2002 867 2070 quam
890 1984 973 2050 cultu
996 1984 1129 2049 maximo
1151 1993 1240 2070 atque
1273 2003 1358 2050 reve·

290 2089 390 2154 rencia
412 2097 572 2154 veneratur
595 2107 686 2153 aureo
716 2108 786 2154 vase
809 2097 838 2152 et
860 2087 989 2173 gemmis
1012 2088 1181 2165 elaborato,
1213 2086 1295 2173 apud
1325 2107 1360 2152 se

205 2243 207 2246 .
290 2212 412 2259 summo
435 2192 534 2258 studio
556 2192 717 2258 custodire.
734 2193 796 2258 Sed
811 2202 844 2258 et
859 2194 1101 2279 quamplurimas
1116 2193 1248 2279 insigues
1269 2193 1358 2259 deco·

290 2319 400 2386 resque
423 2301 603 2365 Sanctorum
625 2297 780 2383 imagines,
805 2318 880 2384 quas
904 2299 1057 2366 Catholica
1080 2299 1290 2366 venerabiliter
1309 2299 1360 2364 bo·
1462 2301 1463 2318 ¹

289 2415 375 2472 norat
397 2405 521 2472 ecclesia
544 2404 652 2471 eodem
684 2404 715 2469 in
745 2404 874 2471 thalamo
897 2405 1012 2491 pariter
1044 2404 1165 2473 habere.
1197 2407 1278 2485 Quas
1309 2425 1359 2470 res

290 2510 383 2578 irater
405 2512 460 2578 iste
483 2531 543 2577 uon
567 2510 603 2576 ab
626 2510 690 2576 aliis
714 2510 844 2589 audisse,
868 2510 922 2576 sed
945 2511 1039 2577 oculis
1056 2511 1119 2578 suis
1135 2511 1255 2597 saepius
1277 2529 1360 2596 aspe-

290 2613 385 2687 ctasse
414 2619 535 2705 penitus
564 2616 740 2684 affirmabat.
772 2617 894 2704 Quique
925 2635 992 2683 rem
1023 2618 1111 2682 aliam
1142 2637 1202 2684 uon
1232 2613 1358 2702 quidem

290 2725 545 2802 commentitiam,
577 2723 630 2790 sed
653 2723 788 2809 prolecto
811 2724 998 2789 verissimam
1023 2724 1097 2789 mihi
1121 2724 1210 2790 etiam
1239 2742 1358 2790 asseve-

290 2831 382 2898 rabat.
407 2831 553 2910 Quoniam
576 2851 647 2898 cum
670 2831 718 2897 hic
746 2831 915 2896 Turcarum
939 2851 994 2897 rex
1016 2832 1129 2916 ingenti
1145 2831 1296 2898 desiderio
1312 2829 1361 2896 lla·

290 2944 391 3022 graret
417 2955 454 3000 en
480 2935 556 3001 dicta
583 2937 752 3003 inconsutili
781 2936 890 3013 tunica,
914 2936 1032 3022 regium
1054 2937 1112 3002 sibi
1136 2936 1213 3003 effici
1229 2937 1359 3021 pileum,

290 3042 382 3107 nimia
404 3041 436 3105 in
458 3041 613 3108 Christum
636 3043 760 3108 affectus
785 3043 955 3120 devotione,
980 3043 1047 3108 eius
1067 3063 1120 3109 sua
1146 3062 1236 3108 manu
1254 3043 1360 3109 dividit

290 3149 439 3216 manicam
462 3149 552 3236 (quae
575 3147 701 3234 quidem
726 3169 763 3214 ex
786 3150 972 3216 camelorum
996 3149 1065 3235 pilis
1088 3158 1210 3226 structa,
1237 3149 1358 3214 Dalma-

289 3257 364 3322 ticae
386 3254 543 3341 cujusdam
566 3255 779 3320 ecclesiasticae
802 3275 874 3341 prae
899 3275 932 3322 se
956 3255 1014 3322 fert
1037 3254 1189 3341 figuram),
1221 3255 1306 3342 quod
1329 3264 1358 3320 et

290 3359 429 3428 continuo
448 3360 538 3447 jussit
559 3380 632 3427 suae
655 3359 767 3427 deferri
790 3381 947 3428 novercae.
967 3363 1049 3441 Quae
1066 3361 1144 3428 illud
1160 3362 1243 3430 omni
1259 3361 1359 3428 studio

297 3540 512 3558 —-

360 3632 399 3700 (1)
418 3633 562 3689 hlaometto
589 3633 614 3688 11
641 3648 689 3705 par
706 3637 783 3704 parte
809 3632 837 3688 di
864 3631 956 3689 madre
981 3631 1142 3690 discendens
1173 3631 1217 3690 dai
1236 3630 1358 3698 cristiani

290 3715 395 3789 despoti
412 3719 439 3774 di
457 3719 566 3787 8311113,
585 3737 600 3776 e
619 3720 700 3776 loscio
725 3720 820 3778 incerti
838 3721 848 3777 i
866 3722 926 3779 suoi
951 3721 1169 3793 contemporanei
1187 3721 1230 3778 sul
1247 3736 1298 3778 suo
1317 3729 1358 3777 at·

290 3812 455 3946 :apeamento
474 3807 517 3864 all'
530 3807 687 3876 islamismo,
715 3808 819 3866 bencht
838 3809 910 3869 fosse
928 3811 1102 3869 accrescitore
1120 3827 1135 3867 e
1153 3809 1288 3867 difensore
1306 3808 1360 3866 del·
1459 3883 1460 3888 η

302 3892 309 3912 ’
333 3905 433 3962 mpero.
1459 3913 1460 3930 ¹
