2932 4728
106 521 185 609 quid
209 533 305 608 opum
329 520 529 587 suie'artibus
551 531 603 586 aut
625 521 754 607 ingenio,
778 535 870 608 pravo
894 522 1006 590 scilicet
1029 529 1058 588 ct
1080 531 1177 590 astuto

107 629 226 694 fuerint
248 628 359 713 adepti,
384 637 479 694 totum
503 629 600 694 ventri
616 629 796 714 impendunt
819 638 849 694 et
871 628 989 714 pabulo.
1014 631 1177 696 Nemeum

106 756 141 801 se
165 744 245 802 totos
268 735 387 820 corpori
410 735 530 820 penitus
544 735 701 814 adixerrnt,
725 736 837 803 mirum
855 736 981 802 modum
1004 735 1178 800 hauriendis

105 841 297 906 mollissimis
325 829 525 925 voluptatibus
556 840 735 906 incumbunt
759 850 788 906 et
810 840 925 906 libidini
956 839 1176 925 obsequuntur.

105 949 173 1026 Qua
198 946 347 1011 nimirum
370 967 469 1012 mares
492 947 603 1032 pariter
626 967 659 1012 ac
681 946 823 1013 faeminas
839 956 938 1013 contra
955 946 998 1012 las
1014 965 1114 1020 omne,
1138 944 1176 1010 do

104 1054 218 1121 decora
242 1053 413 1141 flagitiaque
436 1054 579 1132 afficiunt,
604 1055 713 1140 perditi
733 1076 766 1121 ao
789 1054 991 1122 scelestissimi
1014 1052 1177 1122 Mabometi

104 1161 255 1228 nefariam
272 1171 421 1229 sectantes
437 1162 535 1247 legem
548 1182 581 1228 ac
596 1163 696 1247 potius
712 1161 933 1228 obscenitatem.
950 1164 1014 1241 Qua
1026 1161 1072 1226 eis·
1086 1161 1176 1226 licere

104 1269 292 1355 predicatur,
316 1278 350 1335 ut
372 1268 502 1336 abdicata
533 1270 616 1335 omni
638 1270 703 1354 lege
734 1268 893 1354 pudicitiae
923 1287 1044 1335 omnem
1068 1287 1177 1334 sexum

105 1385 137 1440 et
160 1395 268 1442 omnes
285 1375 419 1460 corporis
436 1384 544 1459 partes,
562 1374 737 1441 libidinibus
753 1375 903 1441 ellrcnatis
922 1374 1070 1460 polluere,
1086 1383 1176 1460 atque

104 1481 311 1546 contaminare
335 1481 449 1546 valeant
471 1481 607 1566 impune.

196 1588 376 1652 bodonicus.
400 1588 521 1672 lneptos
545 1607 757 1654 saracenorum
788 1607 890 1654 mores
918 1596 947 1652 et
969 1585 1077 1671 impios
1101 1585 1176 1652 ritus

104 1701 168 1756 tam
190 1700 220 1757 et
243 1692 268 1757 si
292 1692 344 1759 diu
360 1712 409 1758 me
426 1713 516 1759 nosse
531 1695 662 1780 cupiam,
686 1703 785 1760 tamen
802 1714 899 1780 quum
922 1690 958 1779 ijs
981 1693 1019 1758 ab
1042 1692 1176 1758 instituto

105 1795 317 1882 digredimur,
342 1798 432 1864 satius
456 1807 502 1864 est
524 1797 673 1883 ejusmodi
697 1799 726 1864 in
750 1798 831 1864 aliud
860 1797 998 1864 conlerre
1026 1815 1175 1883 agereque

104 1911 270 1988 postremo.
295 1904 382 1970 Nunc
405 1904 504 1991 quoad
527 1913 644 1970 sanctae
671 1904 919 1992 peregrinationis
943 1904 1050 1970 itinere
1073 1904 1176 1969 attinet

104 2029 337 2096 prosequamur.
847 2095 852 2106 .
1152 2035 1154 2042 ’

193 2116 376 2194 Alenonder,
394 2119 458 2202 Ego
476 2117 580 2184 itidem
604 2138 721 2197 censeo,
739 2119 917 2204 praesertim
940 2135 1037 2205 quum
1054 2136 1175 2183 mauro·

104 2241 179 2289 rum
197 2223 373 2289 vanissimas
397 2223 601 2290 observantias
617 2224 899 2311 abhominandaque
917 2226 984 2292 vitia
1000 2224 1111 2311 quibus
1127 2241 1177 2308 op·

103 2330 177 2414 pleti
189 2339 268 2406 sunt,
286 2330 311 2395 si
329 2331 513 2396 voluerimus
530 2351 701 2409 recensere,
720 2353 780 2399 non
796 2333 935 2417 paginula
952 2331 1006 2398 sed
1022 2329 1175 2396 volumine

102 2457 181 2522 opus
205 2445 259 2502 est.
283 2438 346 2502 lam
370 2457 441 2502 vero
465 2438 634 2504 institutum
650 2448 803 2505 sectemur
820 2439 886 2503 iter.
903 2437 1029 2505 lnolevit
1051 2434 1176 2522 quidem

102 2553 137 2608 ut
160 2543 387 2629 peregrinantes
410 2544 447 2610 ad
471 2545 563 2630 Synai
587 2553 736 2622 montem,
760 2545 846 2628 prius
868 2545 899 2609 in
923 2542 999 2608 urbe
1023 2543 1101 2608 Gaza
1121 2537 1178 2606 via

103 2649 165 2720 tioo
189 2669 222 2714 se
250 2649 387 2715 muniant
401 2649 532 2728 abunde,
549 2650 623 2717 adeo
639 2660 673 2716 ut
689 2649 796 2716 eodem
820 2651 935 2715 valeant
958 2666 1104 2713 remeare.
1121 2647 1176 2710 Est

101 2774 177 2820 vero
204 2755 281 2820 Gaza
305 2758 502 2840 peropulenta
526 2757 649 2833 civitas,
675 2755 713 2841 ijs
737 2775 814 2841 quae
837 2754 874 2820 ad
897 2755 1174 2837 victumspecunt.
1256 2755 1259 2764 “

191 2862 370 2956 ludovicus.
395 2863 591 2932 Luculentius
615 2883 668 2928 oro
694 2882 728 2927 ea
752 2861 884 2946 explices
907 2861 1019 2948 quibus
1034 2859 1176 2926 muniunt

100 2986 135 3032 se
158 2966 384 3051 proficiscentes
404 2969 434 3033 in
452 2969 542 3054 Syna,
561 2978 594 3034 ut
611 2969 775 3035 heremum
794 2969 876 3034 illam
899 2968 1013 3036 nedum
1036 2987 1174 3055 pergere,

99 3072 155 3138 sed
179 3073 300 3158 regredi
323 3093 445 3160 quoque
470 3075 586 3140 valeant
608 3075 690 3141 salvi.

191 3177 374 3245 Alexander.
405 3181 530 3244 Praeter
563 3179 759 3247 Camelorum
795 3181 1009 3268 aselorumque
1041 3181 1175 3248 iumenta

96 3302 175 3369 quae
199 3305 215 3348 a
239 3285 406 3370 peregrinis
429 3285 555 3371 singulis
577 3287 675 3365 bina,
700 3287 756 3355 hoe
780 3297 842 3366 est,
876 3285 1122 3375 CamelusJunus
1145 3295 1176 3352 et

97 3389 201 3455 asinus
225 3410 315 3468 unus,
339 3391 375 3456 ad
399 3392 474 3458 vitae
491 3394 662 3460 necessaria
679 3393 902 3479 comportanda,
928 3412 1056 3478 seseque
1079 3393 1177 3458 leren-

99 3495 177 3563 dum
200 3497 432 3577 conducuntur,
456 3508 490 3566 ut
513 3499 659 3585 temporis
691 3500 818 3586 qualitas
842 3499 964 3577 tulerit,
996 3499 1036 3564 ita
1059 3498 1176 3566 itineris

99 3601 214 3668 victum
238 3602 294 3667 sibi
325 3605 521 3690 prospiciunt.
554 3605 708 3670 Biscotum
733 3623 843 3689 panem
866 3604 898 3669 in
921 3604 1049 3690 primis,
1081 3624 1174 3690 quom

98 3710 207 3794 procul
232 3707 325 3776 dubio
348 3711 496 3795 potiorem
519 3713 561 3778 ibi
584 3730 676 3797 quam
699 3709 729 3778 in
754 3711 902 3789 caeteris,
926 3711 1026 3797 reperi
1049 3711 1174 3780 civitati·

96 3814 167 3893 bus,
193 3817 293 3895 altilia,
318 3837 432 3897 carnes,
457 3820 554 3905 pisces
577 3819 688 3896 salites,
713 3837 846 3904 quorum
869 3839 940 3886 sane
964 3819 1019 3885 bac
1043 3818 1073 3885 in
1097 3821 1174 3888 urbe

100 3923 274 3988 exuberans
303 3926 385 4011 copia
417 3937 482 4005 est,
514 3925 712 4011 omniumque
744 3943 891 4010 generum
923 3946 1023 4012 poma,
1042 3935 1174 4013 qnorum
