2932 4728
724 345 901 410 ..60-

276 521 495 590 excedendum
519 519 615 596 bret,
639 537 731 604 quam
765 520 795 584 in
831 520 974 586 morando
1008 521 1096 587 tantis
1130 520 1346 594 afflictionibus

275 629 413 695 cruciari.
437 628 499 694 Hac
521 635 622 693 autem
645 627 777 692 oratione
800 626 913 692 diutius
938 627 1223 711 perseverantibus,
1248 631 1345 719 Virgo

275 736 436 821 virginum
478 742 507 798 et
541 733 678 798 omnium
714 733 911 810 Beatissimi,
948 734 1071 798 Damini
1111 737 1180 800 lesu
1215 739 1312 803 Mater
1334 788 1344 815 ,

276 861 368 927 qnam
392 851 421 906 et
444 840 542 905 inclita
565 842 679 924 Murtyr
702 838 861 904 catherina
891 839 1088 906 comitabatur
1122 861 1224 907 coram
1247 861 1339 928 appa·

276 950 345 1020 ruit,
370 950 409 1014 Et
431 946 616 1012 sciscitando:
640 965 696 1010 cur
729 966 779 1010 noc
803 949 870 1012 linc
904 950 1044 1012 ecccdcre
1074 951 1272 1029 properatis?
1295 950 1345 1016 cni

276 1054 435 1139 calogeri:
459 1056 575 1118 Pelices
597 1062 625 1118 el
647 1055 731 1118 bunc·
744 1056 956 1136 praetenturam
986 1073 1121 1119 muscam
1143 1058 1289 1121 maiorem
1312 1061 1345 1122 in

275 1164 397 1224 modum
420 1161 501 1222 nobis
524 1159 687 1240 infestant,
717 1159 895 1221 iamdudum
927 1162 1047 1239 perlata
1070 1162 1154 1223 ultra
1187 1180 1249 1224 non
1279 1181 1346 1242 pns-

274 1285 381 1331 snmur
403 1267 559 1329 audiuere.
583 1264 669 1328 Tunc
699 1261 833 1327 benefica
857 1263 956 1348 larga,
994 1263 1177 1349 perluseqne
1211 1265 1344 1332 liberalis

274 1372 377 1457 regina
410 1378 586 1435 cunctarum
608 1369 792 1453 gratiarum,
816 1368 865 1433 eit:
885 1380 1072 1451 perseverate
1106 1375 1137 1435 in
1161 1377 1344 1438 monasterio

274 1481 364 1544 deum
386 1479 592 1550 benedicentes,
609 1479 695 1539 nullu
710 1494 870 1555 nunquam
893 1479 1043 1558 afflictatio
1059 1479 1241 1556 hujusmodl,
1257 1483 1345 1544 nulla

275 1587 407 1650 molestia
429 1585 508 1648 vobis
541 1585 598 1646 erit
620 1584 652 1645 in
681 1590 846 1662 posterum.
872 1580 933 1646 Sed
960 1601 994 1646 ea
1017 1581 1142 1667 quidem
1167 1592 1345 1667 tempestate

274 1691 328 1756 ista
352 1699 462 1774 patrata
485 1687 580 1761 luere,
604 1687 728 1773 quando
752 1686 859 1754 Graeci
889 1688 974 1753 nullo
997 1688 1034 1753 ab
1058 1689 1181 1754 ecclesia
1205 1689 1344 1755 scismate

274 1795 467 1871 dissidebant,
491 1804 613 1859 etcum
637 1794 734 1860 latinis
758 1795 857 1859 iuncta
881 1802 911 1858 et
926 1793 1082 1859 individua
1105 1795 1263 1862 cuncordia
1279 1817 1346 1862 cnn·
1453 1795 1454 1838 ³

276 1901 437 1968 veniebant
459 1900 625 1966 unanimes.

363 2009 541 2072 ludovicus.
570 2006 673 2084 Quum
697 1989 730 2068 ea
766 2005 900 2082 dixeris,
936 2025 1014 2090 quae
1037 2006 1068 2070 in
1103 2007 1255 2074 radicibus
1290 2010 1344 2076 sita

275 2124 346 2182 sunt
368 2112 460 2197 Synai
482 2110 603 2186 montis,
626 2120 766 2194 superest
781 2110 914 2194 profecto
933 2121 965 2176 ut
987 2111 1023 2176 ad
1048 2133 1130 2184 eum,
1155 2114 1206 2198 qui
1231 2115 1344 2199 passim

274 2219 424 2286 sensimve
447 2215 643 2302 progrediens
665 2225 780 2282 caetera
815 2216 900 2282 nobis
932 2218 1072 2301 explices.
1097 2219 1199 2285 Veluti
1224 2221 1342 2290 colores

274 2326 350 2401 eius,
375 2332 405 2388 et
426 2332 545 2407 praeter
568 2321 703 2387 collatam
726 2343 742 2386 a
765 2321 822 2387 dec
847 2323 965 2407 legem,
990 2323 1073 2408 quod
1096 2335 1270 2391 memoratu
1294 2326 1340 2391 di·

274 2449 368 2517 gnum
393 2429 422 2493 in
447 2448 482 2494 eo
505 2437 624 2513 gestum
648 2427 742 2492 inissa
766 2427 890 2493 teratur.

361 2534 544 2600 Alexander.
570 2532 712 2610 Quamvis
735 2532 838 2616 paucis
861 2531 955 2596 multa
978 2553 993 2597 a
1017 2551 1066 2608 me
1082 2533 1193 2618 exigas,
1210 2553 1289 2619 qnae
1316 2555 1345 2601 n

274 2661 364 2728 perae
387 2642 537 2726 praetium
560 2649 606 2704 est
637 2639 739 2704 mullis
762 2637 918 2715 enarrari,
954 2647 1088 2703 montem
1112 2640 1204 2724 Synai
1239 2641 1342 2706 multi·

272 2749 378 2814 fariam
400 2748 491 2832 accipi
515 2765 603 2831 posse
626 2754 747 2811 constat.
772 2745 849 2810 Nam
873 2744 997 2828 plurimi
1028 2745 1177 2811 montium
1212 2747 1341 2813 vertices

272 2864 343 2921 sunt
358 2854 508 2919 radicibus
524 2851 654 2937 copulati
675 2862 763 2936 atque
787 2849 947 2925 coniuncti,
972 2849 1080 2916 eodem
1104 2852 1226 2917 numine
1250 2853 1342 2939 Synai

273 2970 495 3043 nuncupantur.
520 2960 586 3037 Quo
621 2957 712 3023 modo
737 2966 767 3022 et
789 2976 901 3042 corpus
937 2956 1129 3022 Beatissimae
1164 2957 1342 3025 catherinae

272 3063 413 3148 martyris
436 3064 466 3128 in
489 3071 590 3128 monte
614 3062 706 3147 Synai
729 3061 766 3127 ab
790 3061 903 3147 angelis
920 3061 1028 3125 sanctis
1052 3062 1181 3127 locatum
1205 3063 1342 3129 decantat

273 3169 415 3236 Ecclesia.
440 3171 630 3253 Quamquam
653 3178 683 3234 et
706 3188 759 3232 sex
782 3167 877 3232 terme
902 3166 1037 3231 millibus
1060 3187 1205 3251 passuum
1230 3169 1278 3234 hic
1304 3170 1340 3236 ab

232 3265 234 3270 ’
273 3275 324 3341 illo
348 3284 450 3342 monte
473 3273 547 3358 legis
570 3273 663 3349 datae,
687 3281 717 3336 et
739 3270 844 3356 majori
867 3269 1046 3336 celsitudine
1071 3271 1158 3356 longe
1179 3273 1217 3337 sit
1232 3273 1338 3358 impar.

272 3383 403 3449 Dimidia
427 3401 557 3467 namque
580 3390 613 3448 ut
636 3401 705 3447 reor
727 3379 891 3454 altitudine,
916 3399 1003 3444 mons
1027 3381 1100 3464 legis
1123 3402 1139 3445 a
1163 3391 1265 3448 monte
1289 3384 1339 3448 illc

272 3500 443 3576 superatur,
467 3489 492 3555 si
515 3498 617 3555 antem
642 3485 758 3552 verticis
782 3494 812 3550 et
835 3484 971 3551 radicum
1006 3486 1120 3552 molem
1154 3488 1339 3575 globumque

271 3595 548 3663 circumscribimus
572 3593 681 3658 montis
698 3591 788 3677 hujus
806 3591 951 3659 Mosaicac
969 3593 1041 3678 legis
1060 3593 1107 3658 vix
1124 3594 1230 3679 lapidis
1247 3595 1339 3661 iactus

271 3702 349 3776 erit,
373 3700 569 3786 radicumque
603 3699 750 3796 ambiqrm
774 3707 902 3784 quatuor
936 3698 999 3764 lere
1024 3699 1156 3766 millibus
1192 3720 1337 3785 passuum

272 3807 546 3890 tircnmplectetur.
570 3805 627 3886 Qui
651 3805 781 3891 quadam
805 3804 1006 3881 rotundatu,
1035 3805 1190 3892 rubroque
1213 3820 1338 3874 c'cnsnr·

272 3929 346 3996 qens
370 3909 486 3992 lapide,
511 3909 708 3975 obtinentibus·
735 3907 891 3972 bominum
927 3907 1072 3974 decorum
1103 3909 1173 3974 satis
1209 3921 1339 3976 asscnlal
