2932 4728
724 335 901 403 ...64-

369 511 549 580 Aleaooder.
574 511 691 578 Eodem
713 503 750 579 ab
774 509 924 579 Caenobio
955 512 1149 598 quadraginta
1172 515 1347 582 sanctorum
1463 577 1464 600 ,

280 618 419 685 milliario
442 629 471 684 et
493 619 595 695 semis,
619 618 721 684 lerunt
743 618 888 704 calogeri,
912 619 1044 704 lapidem
1068 620 1107 684 ibi
1134 621 1225 685 situm
1249 623 1345 706 proti-

283 747 341 794 nus
371 726 472 811 ipsum
503 745 591 803 esse,
623 725 675 810 qui
706 726 787 811 virga
811 725 856 790 bis
886 745 1049 810 percussus
1071 748 1087 792 a
1112 729 1215 813 Moyse
1247 728 1350 793 emisit

283 831 568 898 exuberantissimas
583 849 712 915 aequas..
737 831 813 896 Nam
836 840 866 896 et
887 832 1032 898 miraculo
1047 832 1161 898 inlliota.
1180 833 1253 898 silici
1279 852 1349 897 ver·.

283 940 392 1005 berum
415 939 497 1022 signa
520 957 600 1002 nuno
624 923 824 1002 et'ostentare
840 948 993 1004 conantur.
1017 939 1076 1018 Qui
1100 938 1231 1005 fortassis
1254 938 1348 1004 sidem

283 1043 444 1116 habuisset,
469 1043 565 1106 nime
589 1041 645 1108 boe
668 1042 725 1107 alio
741 1040 833 1108 fuisse
856 1043 1004 1127 scriptura
1027 1043 1243 1123 doceretQuae
1259 1045 1349 1109 tertio

283 1148 463 1232 egressionis
485 1169 562 1214 anno
585 1158 613 1214 et
636 1149 736 1233 primo
752 1169 865 1225 mense,
882 1160 991 1224 narrat,
1016 1149 1093 1216 filios
1118 1152 1219 1224 lsrael,
1244 1153 1349 1216 relicto

284 1255 374 1340 Synai
398 1264 520 1330 monte,
552 1256 669 1320 venisse
692 1256 722 1320 in
746 1255 901 1322 desertum
933 1257 1006 1341 Syn.
1030 1258 1069 1321 Et
1093 1257 1239 1341 populum
1262 1255 1346 1322 com-

283 1368 450 1424 morantem
466 1359 496 1424 in
513 1357 619 1433 Gades,
642 1379 806 1444 aequarum
822 1360 963 1426 charitate
988 1379 1109 1426 versum
1125 1363 1155 1426 in
1179 1362 1349 1428 se‘litonem

282 1475 385 1531 eontra
415 1468 550 1551 Moysen.
582 1465 638 1531 Cui
669 1467 744 1532 dixit
768 1468 868 1532 Deus:
899 1470 978 1534 Tolle
1008 1473 1125 1553 virgum
1155 1481 1181 1536 et
1204 1491 1351 1556 conprepa

279 1577 426 1656 populum
448 1584 482 1638 tu
504 1585 531 1640 et
552 1575 656 1640 Aaron
679 1584 707 1640 et
731 1577 887 1655 loquimini
918 1579 958 1640 od
981 1577 1121 1653 Petram,
1145 1587 1172 1642 et
1194 1581 1247 1642 illo
1269 1581 1352 1643 dabit

284 1698 421 1759 ecquam.
446 1679 541 1744 Porro
564 1698 617 1744 sex
641 1678 733 1744 millia
749 1698 893 1763 passuum
911 1679 967 1744 iter
990 1700 1006 1744 a
1030 1681 1212 1765 praescripto
1235 1681 1350 1746 Caeno-

284 1783 334 1850 bio
357 1785 473 1870 agimus
496 1785 532 1850 ad
556 1786 708 1851 excelsum
742 1793 886 1850 montem.
919 1785 1014 1870 Cujus
1037 1786 1067 1850 in
1091 1806 1212 1852 summo
1239 1788 1351 1853 vertice

283 1890 320 1956 ab
343 1891 467 1976 Angelis
490 1891 598 1956 sanetis
628 1893 758 1957 locatum
781 1891 885 1967 extitit,
913 1891 1106 1957 Beatissimae
1129 1894 1270 1978 Martyris
1294 1893 1351 1958 Ca-

285 1997 422 2063 tberinae
447 2016 568 2080 corpus.

286 2139 290 2145 -
373 2105 551 2168 bodonicus.
576 2104 671 2181 Quam
697 2103 795 2167 omnis
826 2111 925 2169 nostra
950 2102 1067 2170 dicendi
1092 2104 1174 2179 ratio,
1200 2106 1352 2191 totiusque

285 2208 533 2294 peregrinationis
556 2208 647 2294 hujus
670 2210 843 2295 explicatio,
868 2230 884 2274 a
907 2211 993 2276 nobis
1016 2211 1084 2276 ideo
1107 2221 1226 2296 sumpta
1250 2213 1351 2288 luerit,

285 2326 320 2383 ut
343 2316 422 2382 buno
445 2317 480 2381 ad
506 2326 639 2383 montem
663 2318 910 2402 perveniremus,
936 2319 965 2384 in
990 2339 1050 2404 quo
1083 2319 1268 2404 Angelorum
1293 2320 1352 2384 mi·
1463 2351 1464 2370 κ

285 2421 408 2486 misterio
431 2421 487 2486 luit
511 2421 697 2487 reconditum
713 2442 823 2506 corpus
842 2423 1036 2488 Beatissimae
1061 2424 1209 2509 Martyris:
1233 2425 1353 2509 impen-

285 2528 349 2594 sius
372 2549 425 2594 oro
448 2529 489 2593 mi
514 2528 696 2602 Alexander,
721 2528 871 2594 morosius
896 2529 970 2594 mibi
993 2531 1092 2596 omnia
1115 2550 1192 2616 quae
1216 2529 1354 2596 bonoad

286 2653 352 2700 rem
374 2634 477 2700 attinet
492 2635 636 2701 edissere.
652 2635 762 2702 blontis
778 2634 997 2709 celsitudinem,
1020 2637 1144 2702 vertices
1168 2638 1353 2722 qualitatem,

284 2742 431 2826 temporis
454 2741 691 2816 diuturnitatem,
716 2762 774 2827 qua
798 2742 934 2808 homines
958 2744 1036 2807 olam
1059 2744 1155 2808 extitit
1176 2763 1288 2828 corpus
1311 2744 1355 2809 ibi

284 2849 322 2914 ab
345 2848 468 2933 Angelis
499 2848 674 2932 repositum.
707 2849 765 2915 Ubi
789 2849 813 2913 si
837 2848 911 2934 quid
941 2849 1031 2914 etiam
1061 2850 1092 2914 in
1116 2860 1354 2915 monumentum

287 2955 332 3020 rei
356 2954 564 3039 hujuscemodi
586 2965 719 3040 apparet,
744 2975 859 3022 enarra.
1226 2943 1228 2947 Α

375 3059 555 3126 Aleeooder.
573 3061 608 3127 ld
624 3075 727 3144 aptum
750 3071 840 3148 atque
862 3063 1053 3137 eonvenines,
1071 3083 1160 3147 saepe
1184 3083 1253 3127 sum
1272 3072 1355 3128 ratus

286 3167 329 3232 mi
352 3165 525 3241 Ludovice,
550 3177 583 3231 ut
607 3187 661 3232 nee
686 3176 762 3232 tanta
793 3169 911 3234 dicendi
942 3169 1100 3252 prolixtate
1125 3177 1267 3242 utamur,
1296 3187 1356 3253 qua

285 3270 442 3336 audientes
465 3270 561 3335 taedio
583 3269 759 3336 alliciantur.
787 3271 834 3358 (l)
859 3273 921 3338 Nec
944 3273 982 3338 ita
1017 3273 1153 3340 brevitati
1177 3273 1356 3337 studeamus
1463 3263 1464 3308 ³

287 3387 321 3443 ut
343 3376 432 3442 dubia
456 3387 534 3462 quae
550 3398 565 3441 a
583 3377 669 3443 nobis
685 3377 798 3443 fuerint
820 3378 897 3444 dieta
921 3379 1095 3445 reddantur.
1120 3379 1257 3445 Obscura
1274 3399 1357 3444 nom.-

287 3504 325 3568 pe
338 3483 465 3549 brevitas
479 3494 508 3549 et
523 3485 548 3549 si
564 3485 762 3569 cognoscendi
775 3485 936 3570 imaginem
953 3485 1110 3570 praeierat,
1126 3485 1239 3551 auferri
1254 3495 1355 3552 tamen
1463 3485 1464 3494 ’

293 3648 516 3663 *-

359 3737 397 3809 (ll
418 3742 456 3796 Da
474 3749 568 3815 queste
590 3743 680 3815 parole
698 3743 721 3799 si
739 3759 830 3816 seorge
848 3744 897 3802 ohe
916 3745 933 3800 l'
946 3752 1040 3801 autore
1057 3743 1198 3800 destinava
1219 3743 1291 3800 forse
1304 3743 1355 3798 alla

282 3833 412 3899 stampe,
433 3823 491 3902 (git
515 3837 583 3887 uota
607 3831 635 3886 in
662 3831 739 3890 ltalia
767 3832 793 3888 ai
811 3831 871 3888 suoi
899 3833 1002 3904 ternpi)
1022 3833 1047 3889 la
1074 3831 1218 3890 Relationo
1245 3829 1286 3887 dol
1307 3824 1355 3885 sue
1463 3827 1464 3908 l

290 3912 404 3986 riaggio,
518 3955 519 3960 κ
