2968 4752
558 325 733 391 -tt7-

111 499 252 568 Tandem
275 501 427 567 reminisci
442 501 522 579 uolo,
538 509 568 567 et
584 502 675 568 Turci
689 501 916 567 callidissimum
939 502 970 566 iu
993 501 1177 570 Christianos
1233 556 1239 570 .

110 617 214 672 astum
236 608 365 693 (quique
387 606 461 673 nihil
483 607 565 673 aliud
588 608 625 672 sit
648 627 740 693 quam
755 607 816 674 doli
831 607 947 686 artifex,
964 608 1050 674 fallax
1066 618 1096 675 ct
1111 631 1178 696 per·

111 710 255 796 fidiosus)
278 713 387 778 deinde
410 715 500 799 iunge
524 724 667 779 mutuum
689 723 862 779 nostrorum
885 715 1031 794 exitium,
1062 736 1124 802 quo
1146 717 1181 794 iu¹

110 816 180 882 dies
203 837 236 882 se
259 818 388 884 invicem
403 819 574 886 conficiunt.
591 819 686 906 Cujus
701 820 854 886 occasione
878 821 903 885 si
927 821 1003 888 lorte
1023 823 1180 908 contigerit

110 924 246 990 alterum
269 942 302 988 se
325 923 412 990 hellis
434 924 472 990 ah
493 925 587 991 altero
610 926 768 1010 superari,
795 925 870 1012 quid
899 947 980 992 nuno
1010 929 1180 1012 putamus?

113 1031 185 1096 Non
200 1030 258 1095 sihi
273 1031 368 1096 ascire
384 1033 520 1098 Turnum
534 1032 656 1109 auxilio,
672 1031 785 1118 quippe
808 1033 861 1118 qui
885 1033 977 1098 veluti
993 1053 1032 1098 ex
1047 1034 1180 1118 specula,

112 1135 193 1202 dum
209 1136 327 1202 insanas
342 1145 515 1203 nostrorum
531 1138 719 1223 Principum,
735 1157 769 1203 ac
784 1141 901 1204 Rerum
917 1137 1112 1204 Publicarum
1131 1148 1183 1205 aut

114 1241 332 1308 Domininrum
361 1243 605 1309 conversationes
628 1243 788 1328 diligenter
811 1243 967 1322 observat3
990 1244 1079 1328 gestit
1101 1244 1184 1330 quod

112 1345 313 1432 cupidissime
334 1356 424 1431 optat,
447 1367 508 1433 quo
531 1346 658 1433 alicujus
680 1356 855 1414 nostrorum
870 1367 928 1433 ope
943 1348 1058 1414 ltaliam
1081 1349 1182 1434 ingrc-

113 1451 204 1518 dicns
219 1463 337 1538 premat
351 1455 471 1538 penitus
487 1455 641 1540 calcetquc
658 1453 852 1532 Christianos,
868 1453 1070 1540 caedibusque
1082 1455 1182 1520 omnia

114 1568 147 1626 et
170 1560 315 1644 sanguiue
337 1561 471 1646 repleat,
495 1561 575 1628 ferro
609 1571 639 1628 ct
669 1562 737 1648 igue
761 1561 902 1640 dirimat,
927 1561 1100 1628 hominihus
1123 1564 1182 1628 lta·

115 1665 191 1730 liam
214 1675 339 1745 vacuet,
362 1676 393 1733 ct
427 1668 519 1734 veluti
543 1677 705 1754 tempestas
739 1668 833 1734 effusa
866 1677 972 1734 cuncta
1006 1677 1130 1753 proruat
1150 1687 1185 1735 ac

114 1781 300 1858 prosternet.

209 1880 389 1946 lodovicus.
414 1881 477 1966 Ego
500 1879 615 1958 itidem,
632 1880 675 1944 mi
691 1879 875 1958 Alexander,
898 1880 969 1946 satis
992 1900 1099 1947 vereor
1113 1901 1183 1966 pcr-

113 1985 305 2070 timescoque
327 1984 470 2070 quoniaiu
493 1985 519 2050 si
542 1984 618 2050 forte
636 1993 809 2050 nostrorum
825 2004 893 2070 ope,
908 1986 1112 2052 atrocissimus
1127 1986 1184 2052 istc

114 2089 358 2158 Christianorum
374 2091 475 2167 hostis,
492 2091 607 2156 ltaliam
630 2090 721 2156 luerit
735 2091 900 2176 ingressus,
916 2092 1015 2158 omnia
1038 2092 1183 2177 sanguiue

112 2299 199 2386 apud
227 2320 282 2367 nos
311 2320 434 2366 morum
463 2320 590 2366 suorum
612 2300 738 2367 increvit
759 2301 846 2367 lama.
871 2303 935 2368 Sed
958 2303 1004 2368 his
1028 2303 1182 2369 hactenus.

113 2407 235 2485 Nostra,
258 2415 379 2493 quaeso,
403 2405 505 2472 redcat
527 2407 621 2473 oratio
643 2405 681 2472 ad
703 2406 735 2472 id
757 2427 773 2472 a
796 2426 858 2492 quo
882 2407 1015 2485 dederit,
1039 2417 1073 2473 ut
1095 2409 1183 2474 lucu·

113 2513 227 2580 leutius
243 2513 475 2582 llahumcticam
500 2512 678 2598 religionem
700 2511 971 2597 profanitatemquc
987 2530 1183 2596 agnoscamus

113 2619 156 2685 dc
178 2638 238 2704 qua
261 2628 290 2684 et
311 2620 411 2704 aliqua
434 2618 557 2704 praelati
572 2636 689 2684 sumus.
714 2617 862 2701 Superest
883 2624 917 2686 ut
939 2615 970 2682 id
992 2615 1068 2680 mihi
1089 2616 1182 2700 potis·

112 2725 231 2791 simum
253 2725 411 2803 edisseras,
434 2743 567 2810 quonam
589 2732 684 2809 pacto,
700 2721 791 2788 totius
817 2740 896 2807 pene
916 2721 1068 2787 orientalis
1087 2721 1181 2800 orbis

113 2831 261 2910 nationes,
285 2831 400 2916 populi,
424 2829 521 2896 trihus
545 2837 634 2915 atque
658 2828 787 2914 liuguae,
811 2827 906 2894 istam
923 2827 1088 2897 hlahumcti
1111 2827 1182 2893 hac·

114 2938 232 3016 resim,
263 2937 369 3004 sectari
398 2936 492 3023 magis
516 2935 667 3021 deligant,
699 2953 791 3022 quam
821 2943 1036 3001 sacrosanctam
1070 2933 1183 3001 Christi

114 3041 306 3127 religionem.
740 3033 743 3038 '
1131 3041 1155 3108 ’”,
1173 3121 1181 3130 ἢ

159 3219 163 3228 ,
198 3148 387 3216 Alcmana.
410 3145 548 3214 Proiecto
570 3147 773 3232 lacrymarum
787 3145 919 3216 loutihns
941 3165 1065 3214 saevum
1080 3145 1137 3214 hoc
1152 3154 1183 3211 et

115 3252 408 3340 perniciosissimum
430 3250 607 3320 christianae
630 3251 781 3337 religionis
804 3253 940 3329 malum,
963 3250 1181 3336 praestantissi-

114 3373 167 3424 mo
189 3367 275 3444 pater
297 3358 459 3436 Ludovice,
482 3356 647 3424 admodum
669 3378 686 3422 a
709 3356 796 3424 nohis
817 3355 996 3423 deflendum
1020 3363 1075 3432 est,
1099 3353 1182 3441 quod

113 3473 147 3531 ct
169 3465 264 3550 magis
286 3484 320 3531 ac
342 3465 436 3551 magis
458 3463 491 3530 in
513 3462 577 3529 dies
601 3462 743 3548 exaugeri
766 3461 831 3556 ipsi·
846 3470 1036 3527 contuemur.
1055 3459 1182 3535 ‘Malitia

115 3587 178 3656 que
201 3580 232 3637 et
253 3571 393 3658 iniquitas
415 3569 575 3636 homiuum
597 3567 727 3636 eumad
749 3585 907 3634 summum
930 3564 1092 3632 increverit
1117 3583 1180 3640 mae

116 3679 239 3756 hrum,
269 3677 479 3763 teterrimique
504 3675 596 3742 hostIs
618 3674 758 3751 versutia,
782 3673 923 3740 mortales
945 3672 977 3736 iu
1000 3671 1100 3738 omnia
1121 3673 1182 3757 pel·

114 3783 190 3849 levit
210 3783 291 3850 vitia.
315 3783 436 3868 Quique
458 3780 493 3848 ad
519 3781 649 3848 veritatis
672 3780 772 3846 lucem
795 3776 1040 3863 suscipiendam,
1074 3797 1181 3844 omnes

112 3890 281 3957 ostruxerit
302 3888 401 3956 aditus
424 3887 544 3974 populis
566 3883 777 3966 orientalibus,
801 3905 818 3952 a
841 3881 953 3972 quibus
970 3881 1036 3970 jam
1063 3882 1181 3952 dudum
