2970 4730
546 380 721 448 -103-

103 553 259 622 attributa*
277 555 339 622 Sed
362 555 524 621 intellectui
548 557 618 622 hnic
640 575 711 622 cnm
734 557 831 622 omnis
861 556 931 623 insit
962 558 1104 644 perfectio
1135 566 1169 631 el

104 663 255 746 operativa
277 663 428 747 potentia,
452 663 557 750 utique
584 673 670 729 notus
701 671 766 741 est,
798 663 945 748 objectam
968 665 1026 730 sibi
1049 665 1166 732 divinae

104 769 251 834 essentiae
274 769 472 854 praesentiam
487 770 662 855 intelligere,
679 772 825 856 quantum
840 770 889 836 illa
904 771 1041 856 cognosci
1064 771 1167 856 possit.

105 878 202 964 Cujus
225 887 256 943 et
278 879 309 943 id
331 897 452 964 quoque
476 878 644 943 necessario
667 897 855 963 consequens
879 887 932 954 est,
957 888 991 944 ut
1006 879 1043 943 sit
1058 878 1169 963 princi·
1245 933 1247 937 .

104 986 192 1069 pium
227 984 439 1069 productivum
469 993 564 1050 tantae
595 985 736 1062 notitiae,
768 993 896 1071 quantae
927 983 1023 1069 ipsius
1053 984 1171 1050 divinae
1221 1031 1223 1034 -

104 1091 255 1156 essentiae
277 1091 403 1156 ollertur
426 1090 586 1157 obiectum.
610 1086 699 1169 Quod
722 1110 792 1156 cum
807 1089 940 1156 infinitae
963 1091 1001 1156 sit
1023 1090 1172 1176 magnitu-

105 1196 197 1274 dinis,
214 1205 244 1261 et
259 1197 349 1262 huius
365 1217 487 1282 quoque
504 1197 649 1262 fecundae
665 1198 829 1263 memoriae
845 1197 958 1263 infinita
974 1199 1032 1264 erit
1047 1197 1175 1284 cognitid

105 1313 198 1388 atque
221 1301 388 1387 productio.
412 1303 553 1371 Verbum
576 1304 699 1390 itaque,
724 1303 806 1390 quod
829 1303 878 1369 dei
900 1303 1021 1381 filium,
1051 1299 1177 1391 qnoque'

106 1429 330 1494 nuncupamus,
354 1429 414 1475 non
438 1408 563 1494 quidem
585 1409 622 1475 ab
645 1410 848 1496 intelligentia,
872 1409 963 1495 (quae
987 1419 1032 1475 est
1055 1410 1172 1476 intelle-

105 1526 171 1582 ctus
196 1534 267 1581 cum
289 1524 355 1580 actu
378 1513 578 1600 intelligendi)
594 1517 742 1602 gignetur,
764 1516 818 1581 sed
833 1537 849 1581 a
864 1515 1011 1581 memoria
1034 1515 1174 1594 secunda,

105 1643 184 1708 quae
208 1630 243 1686 ut
265 1621 468 1705 praedicimus
492 1615 575 1688 aliud
596 1622 670 1687 nibil
694 1632 739 1688 est
762 1641 853 1706 quam
884 1621 1072 1699 intellectuS,
1103 1640 1175 1688 cum

105 1728 275 1814 praesentia
299 1727 491 1812 intelligibilis
515 1728 637 1806 obiecti,
654 1727 771 1794 divinae
788 1728 899 1794 scilicet
916 1723 1071 1794 essentiae.
1088 1728 1176 1808 Quod

106 1833 199 1900 etiam
215 1841 249 1898 ut
263 1831 350 1897 brevi
365 1832 541 1910 dixerimus,
566 1841 649 1917 pater
672 1833 729 1897 sub
752 1832 866 1897 ratione
888 1832 1053 1898 memoriae
1076 1819 1183 1898 lecun·'

107 1939 173 2015 dae,
199 1957 270 2004 cum
293 1957 378 2003 suam
402 1958 528 2022 prorsus
552 1958 673 2022 semper
696 1938 839 2023 intelligat
862 1937 1031 2016 essentiam,
1048 1924 1181 2004 verbum'

107 2045 332 2122 subsistentem,
356 2043 454 2110 filium
477 2044 767 2121 consubstantialem,
794 2053 884 2131 atque
907 2043 1058 2109 divinitate
1089 2044 1177 2129 peni·

107 2160 157 2216 tus
181 2150 384 2237 adaequatum
407 2151 464 2216 sibi
488 2151 595 2237 iugiter
612 2151 754 2237 exprimit
768 2172 802 2217 ae
820 2160 951 2237 generat.
968 2152 1088 2238 Quique
1104 2169 1177 2218 cum

107 2256 170 2320 filio
193 2256 381 2321 aeternaliter
404 2256 513 2341 genito,
531 2256 630 2321 omnia
654 2275 735 2334 sane,
752 2266 872 2341 praeter
888 2276 955 2322 esse
978 2266 1095 2342 patrem
1122 2256 1176 2322 tri·

106 2360 189 2439 buat,
214 2361 373 2426 essentiam
396 2361 526 2438 scilicet,
551 2362 756 2440 intellectum,
780 2363 973 2428 voluntatem.
997 2363 1115 2443 Quibus
1146 2361 1176 2430 et

106 2485 252 2550 praesens
274 2485 396 2551 semper
420 2476 465 2533 est
488 2467 550 2552 ipsa
574 2489 627 2533 sua
651 2469 799 2545 essentia,
831 2469 947 2554 (quam
978 2451 1183 2554 summopere

106 2570 276 2655 intelligunt
297 2571 457 2636 amabilem
480 2570 580 2656 esse),
605 2592 664 2638 una
687 2571 811 2658 quidem
834 2592 895 2637 non
911 2571 1023 2656 duplici
1040 2573 1087 2637 vel
1103 2592 1172 2637 con-

107 2676 190 2742 cordi
214 2677 363 2742 voluntate
385 2677 537 2742 inlinitum
560 2677 723 2765 quemdam
746 2677 916 2762 producunt
938 2697 1074 2742 amorem
1101 2665 1183 2742 subss

108 2782 287 2861 sistentem,
311 2783 431 2868 sibique
453 2783 734 2850 consubstantialem
762 2783 881 2869 penitus
911 2783 1174 2870 adaequatumque
1246 2776 1248 2780 ’

107 2905 202 2970 quem
226 2885 339 2970 patris,
363 2885 438 2965 filii,
463 2887 603 2973 spiritum
625 2896 761 2952 sanctum
783 2886 892 2953 merito
919 2887 1083 2953 vocitamus
1113 2875 1184 2954 ter·.¹

106 2995 240 3078 tiamque
262 2992 293 3070 in
316 2992 423 3060 deitate
447 3014 617 3079 personam.
634 2996 697 3073 Qua
716 2995 747 3060 in
764 3014 797 3060 re
812 2981 848 3060 id
859 3014 980 3081 quoque
997 2995 1172 3073 nobndum,

107 3098 191 3186 quod
215 3099 272 3164 etsi
294 3099 385 3166 bomo
407 3101 575 3167 secundum
597 3109 751 3179 mentem,
776 3099 813 3166 ad
844 3100 893 3166 dei
916 3101 1078 3187 imaginem
1102 3122 1183 3194 con·¹

107 3204 206 3272 ditum
229 3224 296 3271 esse
319 3205 435 3272 divinae
458 3205 608 3285 affirment
630 3207 765 3285 litterae,
793 3207 935 3294 quoniam
966 3217 995 3273 et
1017 3206 1173 3273 Christum

107 3319 210 3376 mente
233 3311 387 3397 concipiat,
412 3331 482 3377 oum
505 3330 592 3378 mens
615 3322 662 3378 est
683 3313 861 3398 intelligibili
894 3313 1014 3379 obiecto.
1036 3312 1185 3390 fecunda,¹

107 3435 168 3481 oon
192 3425 293 3480 tamen
316 3425 361 3481 est
383 3417 481 3502 imago
504 3416 562 3497 dei,
587 3418 663 3484 sicut
684 3417 824 3486 Verbum
847 3418 894 3482 vel
917 3417 997 3483 lilius
1020 3417 1069 3483 dei
1092 3401 1186 3512 natus

109 3523 212 3588 raliter
235 3521 363 3607 genitus.
380 3523 499 3609 Quippe
522 3533 552 3590 et
574 3525 600 3589 si
614 3523 753 3594 Verbum
776 3523 807 3588 in
830 3523 952 3588 bomine
975 3523 1013 3587 sit
1036 3522 1173 3588 vivensa

107 3617 236 3707 vivente,
260 3648 321 3693 non
343 3638 444 3695 tamen
467 3629 604 3715 ejusdem
626 3639 672 3696 est
693 3638 818 3696 naturae
842 3630 889 3694 vel
905 3628 1086 3694 substantiae
1101 3649 1172 3695 cum

107 3733 240 3799 bomine.
266 3734 328 3798 Sed
351 3735 381 3799 in
405 3736 461 3802 deo
476 3737 615 3805 Verbum
638 3756 698 3801 non
722 3735 812 3801 modo
828 3734 992 3816 estvivens
1015 3756 1032 3799 a
1055 3735 1172 3803 vivente

109 3839 231 3925 ejudem
254 3838 435 3906 substantiae
458 3851 488 3907 et
509 3841 701 3929 aequalitatis,
725 3841 778 3906 sed
801 3859 922 3925 semper
939 3840 1070 3906 divinam
1085 3827 1188 3907 intel-¹

107 3937 202 4030 ligens
225 3946 396 4024 essentiam.
420 3947 550 4014 Proinde
573 3967 654 4014 nuno
670 3947 836 4032 immaginis
852 3947 1017 4014 similitudo
1034 3948 1064 4013 in
1086 3948 1171 4014 nobis
