2970 4730
579 361 755 433 ..93-

127 541 355 630 cujuscumque
379 536 518 624 generis,
543 540 654 623 quibus
677 539 764 623 plane
789 546 866 604 tanta
893 556 997 604 rerum
1028 539 1112 624 copia
1144 557 1199 626 per

127 650 239 714 Nilum
263 646 392 726 vehitur,
417 658 450 714 ut
473 669 528 714 nec
551 649 620 713 satis
644 648 711 724 dici,
736 668 792 712 nec
815 647 896 713 credi
920 647 1013 732 possit
1036 668 1092 714 nec
1115 669 1198 714 com·

126 754 232 840 parari
256 755 371 820 valeant
393 754 590 822 Venetiarum
612 753 749 831 cimbae‚
781 761 870 838 atque
901 753 1053 818 onerariae
1085 773 1198 831 naves,

127 880 212 946 quae
236 860 312 924 vitae
335 859 492 944 perierunt
515 860 689 926 necessaria.

224 966 405 1034 bodonicus.
437 967 541 1033 Nilum
565 968 607 1032 sic
642 963 874 1032 excrescerent
908 975 1044 1032 cunctam
1075 967 1201 1033 inundet

128 1074 308 1160 Aegyptum
331 1073 503 1139 mirandum
526 1075 613 1158 plane
637 1082 691 1138 est.
715 1072 862 1152 Quoniam
886 1093 946 1138 non
970 1073 1085 1139 nivium
1101 1074 1199 1160 lique·

128 1181 254 1256 satione,
278 1179 401 1265 quaein
417 1179 581 1245 meridiana
604 1181 689 1264 plaga
712 1179 841 1243 minime
865 1179 1042 1264 reperiatur,
1067 1201 1126 1246 non
1143 1181 1199 1245 im«

129 1285 238 1352 brium
272 1285 379 1363 fluxu,
415 1286 484 1372 quia
518 1295 548 1351 et
579 1286 667 1372 vulgo
691 1285 787 1351 fertur
816 1286 847 1351 in
875 1286 1012 1372 Aegypto
1043 1307 1199 1374 nunquam

130 1392 241 1478 pluere
265 1389 322 1478 (l).
346 1391 400 1457 llis
423 1401 524 1458 autem
548 1392 688 1478 demptis,
712 1411 873 1478 augescere
896 1411 957 1457 non
983 1411 1071 1477 posse
1101 1394 1199 1478 palam

130 1507 188 1564 est.
205 1499 266 1564 Nili
283 1497 384 1583 igitur,
409 1498 461 1564 ubi
485 1508 579 1577 ortus,
607 1498 688 1565 unde
704 1508 808 1566 auctus
823 1506 983 1584 tantusque
999 1499 1200 1582 praesertim?

222 1604 405 1682 Alexander.
429 1604 555 1691 Antiqui
579 1625 683 1672 rerum
716 1606 897 1690 scriptores,
929 1604 981 1690 qui
1011 1603 1200 1670 firmissimas

131 1711 311 1776 caelestium
334 1712 551 1796 scripturarum
575 1712 735 1778 sententias
757 1720 809 1777 aut
832 1730 892 1775 non
915 1720 1026 1776 norunt
1041 1720 1091 1776 aut
1106 1719 1199 1777 atten-

132 1815 208 1881 dere
232 1817 450 1901 neglexerunt,
474 1819 592 1884 varium
615 1819 801 1883 incertumve
824 1816 884 1882 Nili
908 1826 1008 1882 ortum
1040 1817 1199 1882 tradidere.

133 1927 274 2005 Quorum
297 1927 345 1990 alii
369 1927 399 1992 in
423 1927 522 1993 littore
545 1927 638 1993 maris
668 1926 785 2004 Rubri,
817 1926 865 1992 cui
896 1945 1006 1991 nomen
1037 1927 1199 2007 Mosylon,

131 2030 247 2095 fontem
272 2030 383 2096 babere
407 2030 558 2097 dixerunt.
583 2030 644 2097 dlii
667 2051 727 2097 non
758 2031 864 2116 procul
894 2028 931 2094 ab
960 2028 1120 2105 Atblonte,
1151 2027 1200 2093 alii

132 2155 215 2212 vero,
241 2135 318 2201 sicut
340 2137 465 2214 Plinius,
490 2137 610 2202 incertis
635 2137 709 2202 oriri
740 2135 871 2202 fontibus
900 2136 1081 2201 maluerunt.
1106 2133 1200 2199 Nobis

131 2250 235 2306 autem
252 2239 362 2327 quibus
378 2251 494 2307 sanctae
511 2242 679 2326 scripturae
695 2261 801 2307 arcana
825 2239 1007 2305 manifestata
1024 2248 1102 2316 sunt,
1119 2238 1201 2304 aliud

132 2345 269 2432 prolecto
292 2345 329 2412 ab
344 2347 380 2412 iis
404 2346 442 2411 de
466 2356 533 2412 ortu
558 2347 618 2413 Nili
635 2346 841 2433 profitendum
867 2367 934 2413 esse
957 2345 1085 2411 videtur.
1102 2347 1201 2428 Prope

133 2453 247 2518 etenim
272 2452 455 2536 principium
479 2453 547 2518 libri
571 2454 735 2530 Genesros,
765 2454 864 2538 (cum
887 2453 925 2518 de
949 2459 1076 2536 quatuor
1099 2451 1200 2516 llumi·

132 2557 226 2624 nibus
249 2557 345 2640 agitur
368 2557 496 2641 paradisi
513 2556 683 2642 voluptatis)
699 2557 818 2622 dicitur:
834 2559 952 2622 Nomen
967 2557 1058 2639 fluuio
1074 2559 1201 2621 secundo

136 2663 250 2745 Gyen,
273 2665 419 2743 ipseest,
445 2665 498 2743 qui
520 2666 627 2728 circuit
649 2682 765 2727 omnem
788 2671 903 2726 terram
926 2658 1112 2743 Aetbpopice
1136 2661 1202 2725 Una

133 2767 249 2853 quippe
279 2768 376 2832 cuncti
409 2776 545 2833 auctores
577 2768 681 2833 Nilum
712 2787 767 2851 per
799 2765 998 2851 Aetbyopiam
1023 2763 1101 2828 illabi
1130 2783 1201 2828 cone

134 2873 281 2948 scribunt,
298 2881 328 2937 et
344 2873 408 2958 ipse
431 2874 550 2939 Plinius
567 2874 683 2960 inquit:
700 2876 793 2940 Nilus
808 2877 917 2938 medios
932 2872 1098 2955 Aetbpopue
1113 2879 1200 2936 secuta

133 2978 174 3042 Et
196 2977 363 3042 Horosius:
394 2998 450 3060 pcr
480 2977 657 3062 Aetbpopico
690 2981 805 3043 deserto
839 2981 982 3043 dilabitur
1007 2975 1065 3062 (2).
1089 2978 1201 3055 Quam·

205 3163 246 3234 (1)
267 3164 302 3218 le
320 3177 462 3220 numeroso
480 3162 650 3237 plantagioni
667 3161 788 3220 d'alberi
805 3163 872 3219 fatte
893 3161 921 3218 in
935 3160 1025 3234 Egitto
1042 3161 1085 3216 nel
1108 3167 1202 3216 nostro

134 3251 231 3319 secolo,
250 3251 419 3310 trattenendo
432 3252 442 3308 i
454 3254 549 3324 vapori
563 3251 719 3325 trasportati
737 3251 782 3308 dai
800 3251 884 3317 venti,
901 3250 1032 3323 alquanto
1052 3248 1142 3304 banno
1157 3263 1202 3304 va·

134 3339 206 3395 riato
224 3340 251 3395 la
269 3339 455 3411 metereologia
472 3339 535 3397 dell'
547 3341 637 3413 Egitto
649 3339 682 3396 ed
694 3356 741 3396 ora
753 3339 868 3412 qualche
887 3338 961 3396 volta
975 3337 1003 3392 vi
1015 3337 1106 3410 piore.
1120 3335 1201 3392 blolte

135 3427 278 3500 provincie
296 3425 357 3484 dell'
370 3429 436 3484 Asia
454 3429 557 3486 lliuore
569 3444 636 3486 sono
648 3429 727 3502 quasi
751 3427 849 3484 ridotte
872 3443 887 3483 a
903 3425 1000 3482 deserti
1013 3423 1122 3480 asciutti
1135 3430 1204 3479 tutto

136 3515 154 3572 l'
166 3532 248 3582 anno,
268 3532 316 3589 per
334 3517 360 3572 la
377 3516 542 3574 distrusione
559 3517 627 3574 delle
645 3517 742 3574 foreste
759 3516 827 3573 latta
845 3514 919 3587 dagli
938 3513 1062 3570 abitanti.

209 3605 249 3675 (²)
268 3605 369 3671 Questa
389 3622 435 3662 era
455 3606 540 3662 ancha
553 3607 570 3663 l'
579 3607 706 3679 opinione
718 3604 746 3661 di
759 3604 886 3660 Colombo
913 3603 969 3658 ·be
982 3601 1061 3657 Sacra
1073 3599 1204 3658 Scritture

138 3700 274 3750 attestano
298 3694 347 3750 che
371 3695 391 3750 il
417 3695 527 3768 Signorc
551 3699 612 3751 creo
630 3695 648 3750 11
670 3692 806 3750 'Paradiso
823 3709 838 3748 o
856 3692 883 3748 vl
908 3706 973 3763 pose
998 3689 1118 3745 l'albero
1135 3688 1205 3746 della

138 3782 194 3839 rita
213 3798 228 3838 e
246 3788 277 3840 vi
294 3783 349 3839 lece
372 3784 502 3840 scaturire
520 3784 529 3838 i
547 3784 563 3839 1
588 3782 716 3855 maggiori
740 3780 817 3837 fiumi
839 3779 901 3836 dell'
914 3779 1058 3845 universo,
1078 3777 1096 3833 11
1115 3777 1206 3848 Gange

138 3867 294 3938 dcll'lndia,
315 3869 333 3924 11
352 3869 440 3941 Tigri,
460 3871 478 3927 l'
492 3870 616 3937 Enlrete,
635 3886 650 3926 e
667 3869 687 3924 il
706 3868 769 3924 Nilo
786 3868 835 3923 cho
855 3882 934 3922 nasce
962 3866 989 3921 in
1010 3865 1119 3938 Ellopia
1137 3881 1151 3921 a
1171 3879 1206 3920 ua

137 3958 163 4014 el
182 3974 256 4015 mare
274 3958 302 4014 di
324 3959 496 4016 Alessandro.
519 3961 647 4030 ‘lLetterc
665 3959 695 4014 di
716 3957 837 4016 Colombo
857 3957 887 4012 ci
904 3957 1043 4014 monarchi
1062 3953 1209 4028 spopuaeli

138 4046 230 4104 scritta
250 4047 287 4103 ud
305 4047 380 4104 Hciti
399 4048 463 4104 ucll'
477 4048 575 4106 ottobrc
593 4048 636 4104 dcl
655 4047 743 4116 1198.)
