2932 4728
550 369 726 435 ..63-

101 547 289 634 intelligendi
321 547 465 633 vigorem.
496 547 561 632 Ego
588 547 681 633 igitur
711 539 782 614 cum
813 555 980 632 utrumque
1012 547 1167 614 vitandum

102 656 205 732 sciam,
229 653 352 738 utrique
374 652 493 728 faciam,
518 663 552 718 ut
574 671 629 718 nec
651 653 745 718 multa
768 672 784 717 a
808 669 857 717 me
881 654 1088 738 praetermissa
1113 671 1168 720 nec

100 762 234 828 multum
257 758 415 826 constricta
437 759 603 834 videantur,
628 757 682 824 sed
697 760 840 824 alterutra
862 768 1025 844 temperata
1049 779 1175 850 permo-¹

101 877 202 933 neant.
226 871 359 947 Quantae
383 870 482 955 itaque
505 870 543 934 sit
565 869 756 936 celsitudinis
780 888 877 944 mons,
901 890 961 955 qno
985 888 1086 954 super,
1111 869 1170 935 illa·

100 984 166 1040 tum
192 974 248 1041 luit
270 996 381 1061 corpus
405 975 623 1062 insignissimae
646 976 787 1063 Martyris
813 975 999 1051 catherinae,
1024 976 1078 1042 hac
1100 978 1169 1042 satis

99 1081 217 1146 ratione
240 1081 381 1166 colligere
404 1101 575 1167 possumus.
599 1083 747 1162 Quoniam
771 1103 831 1148 non
855 1083 953 1148 solum
977 1081 1169 1166 proficiscen·

98 1196 144 1252 tes
168 1188 200 1252 in
216 1189 298 1273 Syna
323 1190 435 1256 sensim
451 1210 483 1255 se
498 1210 532 1255 ac
555 1189 666 1274 passim
689 1198 829 1265 cernunt,
856 1189 921 1255 dies
944 1190 1058 1275 aliquot
1084 1209 1167 1254 scan·

99 1293 174 1358 dere
198 1313 232 1359 ac
255 1314 364 1379 supera
387 1303 502 1380 petere,
526 1295 579 1360 sed
602 1295 738 1371 demum,
762 1314 834 1362 cum
858 1296 894 1362 ad
919 1296 1011 1382 Synai
1042 1298 1167 1362 vertices

97 1402 286 1485 perveneris,
298 1402 347 1468 hic
362 1403 486 1469 caeteris
501 1415 699 1490 comparatus,
716 1405 804 1490 longe
821 1405 946 1490 quidem
962 1403 1168 1488 supereminet

98 1508 253 1575 omnibus.
285 1511 323 1575 Et
356 1511 451 1596 ipsius
474 1513 629 1598 Mosaycae
659 1513 734 1598 legis
765 1531 911 1578 cacumen
946 1511 1028 1597 qnod
1050 1519 1168 1595 septem

98 1612 235 1679 millibus
258 1614 393 1700 lapidum
415 1616 556 1701 gradibus
579 1617 741 1694 scanditur,
758 1616 883 1683 dimidio
905 1616 1030 1703 quidem
1053 1615 1101 1680 sni
1116 1636 1167 1679 su·

90 1727 184 1806 'perat
199 1720 390 1794 sublimitate,
408 1741 466 1806 qua
490 1722 638 1788 nimirum
654 1721 690 1787 ad
714 1723 813 1788 coelos
831 1723 916 1788 nobis
932 1722 1120 1808 proximitate
1137 1721 1167 1787 in

97 1829 234 1894 misterio
257 1827 450 1913 significatur,
474 1827 556 1914 quod
581 1827 611 1893 in
635 1835 691 1894 tota
716 1828 774 1892 vita
797 1827 927 1892 hominis
951 1826 1024 1892 nihil
1049 1826 1168 1912 dignius

97 1957 191 2023 quam
206 1937 382 2003 coelestium
398 1938 607 2022 contemplatio
624 1955 738 2011 rerum,
750 1956 827 2023 quae
840 1937 901 2002 sola
917 1936 1054 2003 homines
1062 1937 1167 2021 procul

98 2043 193 2109 dubio
215 2041 306 2108 efficit
328 2043 477 2128 sapientes
500 2052 589 2130 atque
613 2043 720 2109 sanctis
750 2041 874 2128 Angelis
899 2062 1007 2128 pares3
1031 2041 1167 2128 quando·

98 2149 235 2234 quidem,
260 2149 359 2214 divina
382 2169 452 2215 cum
476 2159 576 2216 mente
593 2149 769 2236 conjunctis,
786 2151 928 2217 coelestia
945 2137 974 2215 et
991 2150 1168 2214 immortalis

98 2253 180 2319 illius
204 2255 467 2342 sempiternaeque
492 2255 575 2330 vitae,
593 2258 679 2342 plena
702 2257 808 2343 gandia
831 2266 924 2343 atque
948 2255 1070 2342 prolusa
1094 2276 1166 2340 pan·

98 2362 218 2428 dantur.
243 2361 306 2429 Ant
329 2364 397 2430 ideo
420 2375 501 2430 certe
532 2365 699 2430 celsissimo
722 2365 845 2439 vertici,
881 2385 991 2449 corpus
1025 2365 1167 2452 martyris

99 2470 192 2558 hujus
214 2469 446 2557 gloriosissimae
470 2473 599 2539 locatum
622 2481 676 2545 est,
700 2471 770 2557 quia
794 2481 823 2536 et
846 2471 876 2536 in
899 2473 993 2547 coelo,
1014 2472 1167 2537 sublimis·

99 2578 207 2641 simam
231 2577 310 2660 apud
335 2577 427 2643 deum
450 2577 554 2643 sedem
578 2586 714 2643 assecuta
739 2578 785 2651 sit,
810 2586 840 2641 et
862 2597 900 2642 ne
924 2577 954 2641 in
978 2578 1092 2653 terrris,
1109 2578 1166 2642 im·

98 2683 221 2768 piorum
237 2681 387 2758 manibus,
404 2683 572 2767 ignoratum
587 2681 625 2746 ab
640 2665 812 2746 hominibus
836 2681 985 2766 profanari
1010 2681 1165 2765 potuisset,

98 2798 164 2854 tum
187 2788 375 2873 praesertim,
400 2773 483 2875 quod
506 2787 653 2854 saeviente
670 2787 700 2852 in
717 2786 880 2852 Cristianos
897 2787 1038 2852 diuturna
1062 2797 1165 2871 porse-¹

96 3003 252 3068 cacumine
279 3022 390 3086 corpus
418 3001 650 3077 sanctissimum,
678 3001 817 3067 abditum
840 3001 981 3066 omnibus
1001 3002 1164 3067 coelatum·

94 3131 154 3197 qna
177 3110 279 3176 luerit.
305 3097 467 3175 Caeterum
490 3120 519 3175 et
542 3111 642 3195 ipsum
675 3111 784 3175 montis
819 3110 986 3184 verticem,
1012 3118 1076 3174 tnm
1100 3118 1163 3173 ma·
1248 3127 1255 3136 ·

96 3216 273 3302 gnitudine,
297 3224 363 3281 tum
386 3217 502 3291 colore,
527 3236 587 3281 non
611 3234 793 3301 magnopere
818 3214 1014 3280 discreverim
1037 3236 1053 3279 a
1077 3235 1163 3280 cacu-

96 3323 177 3388 mine
202 3323 311 3387 mcntis
342 3323 496 3408 Mosaycae
520 3323 603 3408 legis.
640 3323 705 3388 Nisi
729 3341 826 3408 quum
861 3341 1025 3407 parumper
1059 3320 1162 3385 subni-

96 3429 176 3513 grior
200 3429 238 3492 sit
261 3429 343 3513 lapis,
368 3446 461 3514 quem
484 3427 509 3492 si
532 3427 683 3512 quispiam
706 3428 822 3513 pictura
845 3426 1022 3510 segnaverit,
1046 3425 1163 3508 palmae

95 3534 224 3619 figuram
248 3533 398 3617 exprimit.
423 3533 587 3598 Palmatam
611 3532 758 3598 nimirum
792 3530 933 3616 martyris
957 3531 1099 3595 virtutem
1123 3530 1162 3594 si·

95 3639 248 3724 gnificans,
273 3648 303 3704 et
326 3639 402 3704 mira
425 3637 551 3725 quidem
575 3639 684 3705 coloris
707 3638 838 3704 caerulei
863 3637 1000 3702 varietate
1024 3637 1162 3703 decorus.

95 3746 156 3812 Sed
180 3745 236 3811 hac
259 3745 288 3811 in
313 3765 346 3812 re
383 3746 457 3811 illud
482 3755 527 3810 est
557 3765 675 3811 summa
710 3745 906 3811 admiratione
940 3743 1161 3830 dignissimum.

94 3853 135 3920 Ut
157 3852 322 3919 durissimo
346 3852 438 3930 Sinai,
463 3853 612 3919 luculenta
635 3852 818 3929 admodum,
842 3871 971 3939 cavaque
1006 3852 1065 3918 sint
1088 3851 1163 3918 hanc

94 3957 125 4023 in
148 3960 230 4026 diem
254 3959 366 4045 signata
390 3960 520 4045 vestigia,
546 3957 597 4026 ubi
620 3958 743 4044 virginis
771 3959 960 4036 beatissimae
983 3978 1093 4043 corpns
1117 3959 1159 4021 lo-

231 4086 251 4129 o
