2932 4728
575 380 617 398 -
642 346 750 414 59.-

126 515 209 599 dem,
222 529 348 620 praeter
370 529 494 606 magnos
516 521 607 587 animi
623 539 758 608 angores,
775 520 861 588 nobis
876 523 984 590 afferre
1000 528 1105 611 potnit:
1122 526 1196 595 dum

124 635 231 692 noeaes
251 625 391 711 diesque,
408 645 441 690 ac
456 625 526 691 satis
549 625 600 692 diu
625 626 781 693 immobile
805 647 922 704 saxum,
939 627 995 694 hoc
1011 631 1197 701 Graecorum

125 733 241 800 scilicet
255 730 441 797 obduratam
465 741 618 809 mentem,
642 753 658 798 a
680 751 731 798 me
762 733 945 800 volvendum
969 739 1197 822 perspexerim,

125 839 202 926 quid
230 837 306 902 mibi
332 839 435 904 insano
458 839 535 904 iuvit
557 838 713 924 indulgere
738 839 858 908 labori?
880 840 937 906 (lui
961 841 1114 908 laboravi‘l
1136 842 1198 909 but

125 944 203 1032 quid
227 945 300 1028 egil
322 942 384 1008 llut
406 943 455 1008 cul
489 952 607 1008 nostrae
631 943 862 1029 invigilaverunt
894 965 984 1012 curae
1008 947 1197 1032 cogitatione-

125 1049 333 1137 squ‘e‘l-Quid
355 1049 480 1135 inquam
501 1048 575 1116 mihi
599 1052 629 1114 in
661 1049 715 1115 bac
739 1070 773 1115 re
797 1061 955 1136 superest,
980 1053 1036 1118 nisi
1060 1051 1144 1140 quod
1167 1074 1197 1119 a·

125 1157 238 1222 missos
261 1175 421 1242 cessosque
445 1155 563 1221 labores
586 1174 671 1222 meos
694 1156 812 1222 doleam
835 1167 866 1223 et
887 1155 1074 1243 deplorem?

128 1272 130 1276 ’
219 1264 401 1329 Ludaoi'ces.
427 1262 588 1328 Sustentati
605 1272 635 1327 et
656 1264 788 1348 suscepti
804 1284 860 1348 pro
884 1264 982 1330 Crista
1005 1265 1123 1331 labores
1145 1287 1199 1332 ne·

125 1388 283 1456 quaquam
307 1369 373 1434 sine
396 1368 533 1453 proemio
548 1387 615 1433 esse
638 1377 773 1454 possunt.
790 1369 910 1455 Quique
929 1380 1042 1456 quanto
1068 1371 1198 1437 acriores

125 1473 224 1551 luere,
242 1493 278 1538 eo
294 1473 423 1558 amplius
440 1472 589 1538 mercedis
602 1472 841 1557 exspectandum
860 1483 936 1538 osta
959 1473 1025 1540 deo.
1049 1475 1107 1555 Qui
1123 1494 1198 1540 cun·

125 1588 248 1649 storum
272 1598 363 1663 opera
386 1579 558 1664 diligentius
584 1580 765 1665 animosque
788 1589 903 1665 pensat,
934 1582 982 1646 cui
1005 1581 1138 1666 prolecto
1159 1581 1197 1649 de

125 1683 216 1750 bobis
239 1683 387 1772 vigilantia
411 1694 441 1749 et
463 1705 535 1751 cura
563 1694 608 1750 est
630 1687 819 1770 propensior.
844 1689 1062 1754 Verumtamen
1090 1698 1123 1754 ut
1134 1688 1196 1774 jam

124 1790 164 1858 ‘ad
188 1790 322 1856 instituta
350 1790 588 1875 progrediamur.
618 1791 747 1877 Siquid
775 1791 806 1856 in
830 1811 866 1858 eo
894 1792 1058 1872 Caenobio,
1083 1795 1113 1861 in
1137 1814 1198 1881 quo
1279 1779 1280 1782 ¹

126 1915 209 1964 nunc
232 1896 323 1961 locata
347 1906 418 1966 sunt
441 1897 637 1962 Beatissimae
660 1897 801 1983 Martyris
825 1897 1004 1964 catherinae
1026 1919 1093 1966 ossa
1115 1900 1198 1986 quod
1233 1939 1234 1944 κ

126 2001 258 2066 relatum
283 1996 408 2084 dignum
432 2008 528 2084 putas,
553 2000 698 2066 edissere.

217 2107 400 2174 Alexander.
424 2107 581 2192 Perpessis
604 2128 620 2173 a
642 2125 692 2173 me
720 2107 875 2178 laboribus
905 2127 1046 2176 sermone
1073 2119 1126 2176 tuo
1148 2131 1198 2178 so·

126 2213 233 2290 latium
256 2213 425 2296 plurimum
458 2214 601 2293 attulisti,
629 2223 663 2280 ut
685 2216 731 2280 vel
754 2213 872 2282 frustra.
889 2235 949 2281 non
972 2235 1022 2282 me
1046 2217 1196 2298 laborasse

126 2320 237 2406 pigeat,
261 2319 382 2405 quoad
407 2332 459 2387 eo's
483 2321 587 2386 attinet
613 2319 769 2398 homines,
794 2322 848 2407 qui
871 2322 960 2387 stulta
984 2331 1014 2387 et
1036 2335 1120 2390 caeca
1144 2323 1197 2387 de·

127 2423 241 2490 mentia
270 2423 307 2488 ad
338 2425 438 2491 lucem
469 2423 507 2490 dc
531 2424 664 2490 tenebris
687 2434 798 2490 renunt
821 2425 999 2509 pervenire,
1031 2436 1062 2492 et
1092 2427 1198 2493 mortis

128 2539 268 2596 aeternae
291 2529 409 2615 rejectis
425 2530 557 2616 laqueis,
575 2549 662 2616 spem
679 2530 786 2594 nolunt
801 2530 1030 2596 immortalitatis
1047 2533 1196 2617 excipere.

127 2636 291 2702 Caeterum
315 2636 422 2703 eodem
446 2637 477 2702 in
501 2635 682 2702 monasterio
706 2644 826 2721 praeter
849 2654 883 2700 ea
906 2654 984 2720 quae
1000 2637 1123 2722 praelati
1145 2657 1196 2702 su·

128 2765 208 2822 mus,
240 2743 297 2810 boc
327 2744 417 2810 etiam
443 2744 519 2810 adde
543 2743 736 2810 miraculum.
765 2741 948 2809 asseverant
977 2751 1197 2808 commorantes
1291 2743 1293 2748 '

123 2849 277 2920 lllonachi.
309 2850 457 2930 Quoniam
489 2849 574 2915 nullo
595 2848 672 2914 istuc
708 2857 845 2934 tempore
875 2848 991 2932 pulices
1021 2848 1068 2913 vel
1099 2849 1198 2933 ullum

129 2974 305 3022 muscarum
340 2975 435 3042 genus
466 2956 523 3022 sibi
558 2954 704 3032 noxium,
737 2955 783 3020 vel
798 2955 864 3040 qui
898 2955 1009 3021 aculeis
1043 2955 1196 3033 stimulet,

130 3060 276 3127 adveniat.
301 3061 432 3130 Tametsi
460 3061 568 3148 priscis
598 3070 632 3128 ut
654 3061 738 3128 aiunt
767 3061 966 3148 temporibus,
999 3060 1145 3126 immensa
1168 3069 1198 3124 et

130 3166 245 3234 infinita
280 3167 502 3254 cujuscumque
539 3167 680 3254 generis,
711 3167 864 3234 vermium
900 3167 1061 3233 multitudo
1097 3167 1196 3231 inesse

130 3273 334 3350 consuevisse,
367 3274 405 3340 ita
436 3275 581 3360 calogeris
616 3261 722 3340 acerba
753 3283 783 3339 et
806 3273 989 3349 calamitosa,
1009 3281 1042 3337 ut
1071 3291 1197 3356 prorsus

129 3377 312 3464 Aegyptiaca
335 3397 368 3444 se
398 3378 528 3443 conferri
558 3379 644 3464 plana
672 3385 821 3463 putarent.
846 3377 919 3470 Quia
945 3375 1029 3460 igniti
1052 3375 1195 3459 sinipbes,

130 3501 162 3548 se
177 3491 240 3548 toto
263 3487 333 3548 aere
356 3481 522 3558 vibrantes,
540 3492 569 3548 et
588 3501 709 3548 muscae
730 3481 851 3547 caninae
873 3489 931 3565 per
947 3477 1088 3546 interiora
1102 3497 1198 3544 mem·

128 3587 269 3665 brorum,
301 3588 432 3657 borridis
455 3588 586 3655 motibus
609 3607 642 3652 ac
665 3581 818 3652 morsibus
841 3584 1027 3660 cursitantes,
1051 3583 1197 3652 acerrima

130 3695 221 3760 nimis
251 3704 399 3761 tormenta
429 3693 602 3761 bominibus
633 3679 810 3760 inserebant.
842 3693 940 3772 Quam
971 3689 1099 3755 obrem
1126 3709 1197 3766 cum

128 3800 150 3885 ij
174 3800 330 3886 quondam
353 3801 501 3876 Monachi,
526 3799 622 3866 enixis
646 3797 815 3886 praecibus,
843 3796 936 3862 deum
960 3806 1023 3863 toto
1049 3800 1140 3863 corde
1163 3815 1196 3862 se

132 3905 269 3970 exaudiri
293 3924 385 3991 quam
408 3904 461 3970 diu
484 3905 730 3988 deprecarentur,
755 3921 831 3975 num
854 3921 893 3967 ex
917 3900 1074 3986 Coenobip
1099 3900 1196 3966 satius
