2970 4730
713 339 888 405 ..72-

267 516 346 594 libus
364 533 507 600 passuum
532 535 569 582 ex
587 517 760 601 Kayr·ouam
780 517 918 602 pergitur
942 519 1076 587 viculum
1103 521 1266 589 Motltereo
1288 523 1342 609 (l)

266 623 415 688 lamosum
438 619 602 688 admodum
629 631 754 706 propter
777 623 961 708 opobalsami
984 625 1101 692 vineam
1125 625 1155 690 in
1178 645 1215 694 eo
1237 629 1339 711 sitam,

265 728 312 795 Eu
335 727 406 794 inde
429 728 466 794 ad
489 728 636 814 oppidum
660 731 853 808 Elaboraiebo,
876 731 990 816 grande
1013 733 1083 798 satis
1107 743 1137 799 et
1160 734 1337 822 oblongum.

261 838 395 916 Quatuor
417 843 447 901 et
470 835 576 902 docem
602 835 738 901 millibus
761 856 906 921 passuum
930 857 991 924 quo
1014 860 1030 905 a
1055 840 1129 915 loeo,
1157 843 1337 925 pervenitur

264 943 300 1008 ad
318 945 417 1008 locum
434 941 516 1028 quod
540 944 692 1008 Sottubtbe
709 952 902 1028 nuncupant,
919 945 1011 1010 XXX
1028 945 1163 1012 millibus
1179 967 1338 1030 passuum.

264 1048 377 1134 Aquo
407 1047 510 1132 viginti
541 1047 677 1114 millibus
707 1049 826 1114 venitur
853 1049 891 1114 ad
923 1051 1023 1115 locum
1055 1053 1263 1118 Etbtrdiodor.
1287 1054 1339 1120 Ex

263 1174 325 1240 quo
349 1154 454 1220 locello
470 1174 524 1239 par
548 1153 594 1220 via
615 1154 653 1220 ad
676 1154 823 1240 oppidum
851 1158 969 1233 cunio,
993 1155 1068 1223 lnde
1085 1158 1186 1243 viginti
1211 1178 1339 1245 quoque

262 1259 355 1326 millia
380 1279 524 1345 passuum
552 1260 612 1326 itur
635 1261 672 1326 ad
704 1262 806 1328 locum
829 1265 963 1329 Bolbod.
988 1264 1035 1328 Eu
1066 1283 1127 1350 quo
1150 1264 1242 1330 millia
1266 1285 1337 1350 pas-

263 1387 355 1433 suum
378 1367 433 1432 tria
456 1377 546 1452 atque
569 1367 682 1453 viginti,
707 1369 864 1454 pergimus
887 1368 924 1434 ad
949 1371 1066 1447 locum,
1090 1390 1184 1457 quem
1207 1372 1338 1439 vocitant

263 1478 459 1544 Nomuteson.
476 1476 504 1542 Α
520 1495 581 1562 quo
596 1474 698 1560 viginti
722 1475 856 1542 millibus
877 1496 1021 1561 passuum
1044 1476 1089 1542 via
1113 1475 1337 1562 proficiscimur

264 1581 364 1648 loc-um
396 1586 542 1650 monebo.
574 1583 712 1668 Hinoque
735 1582 773 1648 ad
804 1583 904 1648 locum
936 1584 1085 1650 Lboriaro
1115 1582 1164 1669 (2)
1193 1583 1335 1669 ejusdem

262 1687 458 1772 longitudinis
489 1687 535 1754 via
567 1697 621 1754 est.
646 1689 685 1754 Et
715 1687 772 1754 boe
803 1707 841 1752 ex
865 1688 929 1754 loco
953 1689 1015 1756 XX
1045 1707 1173 1774 quoque-
1198 1689 1336 1756 millibus

130 1790 134 1797 “
262 1812 417 1876 passuum,
441 1794 597 1878 pergimus
613 1793 650 1859 ad
666 1794 811 1862 Villulam
835 1794 956 1858 nomine
984 1796 1080 1862 Cbom
1097 1796 1210 1873 Ionon
1232 1816 1249 1860 a
1272 1814 1334 1881 qua

262 1898 300 1964 ad
325 1897 434 1964 urbem
458 1900 570 1966 Gazam
592 1901 652 1966 XX
676 1901 787 1984 pariter
819 1899 953 1964 mdlibus
976 1919 1123 1984 passuum
1147 1899 1180 1966 fit
1203 1901 1268 1966 iter.
1293 1903 1336 1968 Et

262 2023 300 2068 ex
323 2002 377 2070 bae
408 2003 526 2070 civitate
556 2004 594 2070 ad
628 2005 774 2090 oppidum
805 2006 931 2081 Etron,
963 2003 1011 2089 (3)
1039 2006 1086 2072 vel
1121 2005 1178 2072 alio
1209 2006 1334 2075 nomine

268 2129 491 2146 Μ

336 2169 375 2238 (11
395 2167 433 2224 lar
451 2166 579 2223 moderna
604 2167 735 2225 llatarieb
754 2168 822 2226 sulle
840 2168 935 2225 rovine
953 2167 1014 2224 delt’
1027 2168 1117 2225 antica
1146 2168 1292 2240 Heliopolis
1314 2170 1333 2227 9

261 2255 325 2312 obit.
351 2255 425 2328 lungi
451 2254 495 2311 dal
519 2255 600 2312 Cairo
625 2257 650 2312 al
674 2256 709 2313 N
727 2256 761 2313 lt.
785 2257 797 2313 l
823 2255 982 2330 virggiatori
1007 2256 1113 2313 italiaoi
1137 2257 1163 2312 la
1188 2257 1335 2356 chiamano

263 2346 390 2411 llatarea
410 2343 531 2411 Materia,
553 2343 672 2401 llatatia.

331 2433 371 2504 (2)
394 2433 558 2491 Elabaniebs
582 2436 598 2490 ὁ
622 2433 692 2492 forse
722 2433 742 2490 il
768 2432 897 2491 moderno
922 2433 965 2490 El-
968 2431 1094 2501 llelaieb‚
1121 2448 1189 2505 poro
1213 2432 1335 2491 distante

260 2519 334 2578 dalla
351 2520 443 2578 strada
460 2519 560 2578 ferrata
583 2519 633 2577 ebe
658 2517 693 2576 da
712 2519 825 2592 Zagaaig
842 2534 877 2578 ua
896 2534 913 2574 a
930 2518 1078 2575 llausurab
1101 2519 1171 2574 nella
1190 2518 1335 2591 provincia

261 2607 290 2665 di
311 2608 476 2681 Seiarebyeb
494 2639 526 2653 -
547 2606 675 2665 Salahibe
700 2610 716 2664 t
740 2615 953 2680 presentemente
976 2606 1097 2662 Sataiotae
1119 2605 1189 2661 sulla
1214 2606 1259 2662 via
1280 2608 1334 2663 elta

260 2698 380 2757 eonduee
398 2700 468 2756 nella
487 2698 569 2765 Siria,
592 2713 685 2771 presso
704 2711 758 2753 una
776 2706 871 2751 eatena
893 2693 921 2751 di
945 2693 1048 2766 piceole
1072 2693 1168 2750 colline
1186 2693 1333 2764 incordata
1414 2691 1417 2696 ’

262 2787 347 2844 auehe
365 2787 410 2844 dal
428 2787 523 2859 Sigoli)
550 2801 629 2843 verso
656 2786 673 2841 l’
686 2784 792 2840 Arabia
818 2783 913 2838 Petrea
932 2811 964 2822 -
984 2780 1167 2837 Elbirdiudar.
1196 2782 1244 2838 Bir
1268 2783 1334 2841 vals

260 2874 353 2947 borgo,
372 2875 501 2942 stazione,
521 2875 644 2942 termata,
662 2873 748 2928 tuder
765 2874 781 2928 ὁ
799 2872 869 2928 torsa
887 2869 1092 2928 abbreviatione
1109 2871 1137 2925 di
1155 2869 1297 2928 iudeorum
1316 2889 1333 2930 a

259 2961 424 3028 indicando
442 2962 485 3019 dei
504 2962 580 3020 molti
599 2962 660 3020 Vici
679 2960 823 3018 ludeorum
846 2963 895 3016 stae
913 2974 997 3016 erano
1014 2958 1043 3016 in
1061 2959 1154 3030 Egitto
1171 2958 1286 3017 durante
1305 2961 1334 3018 la

261 3047 449 3108 dominatione
461 3067 573 3109 romana
586 3082 619 3094 -
632 3051 730 3110 Cathia
742 3049 853 3106 sarebbe
868 3050 886 3104 il
899 3049 1027 3105 moderno
1044 3047 1143 3104 Xatieb
1155 3047 1190 3104 od
1203 3049 1333 3106 Etkatieh

260 3138 352 3196 vicino
369 3140 413 3195 alt’
425 3141 514 3198 antico
533 3141 611 3199 Mons
628 3141 733 3198 Casius.
744 3138 840 3196 Bullad
851 3138 923 3194 lorse
940 3141 956 3194 t
975 3139 995 3193 11
1012 3137 1110 3194 Bultak
1128 3139 1170 3194 sut
1188 3139 1248 3210 tago
1259 3138 1332 3195 dello

255 3227 348 3285 'stesso
364 3233 484 3298 nomae
501 3230 667 3289 Nomuleaam
684 3229 704 3284 l'
716 3228 807 3284 antica
830 3226 952 3294 Mendes,
970 3226 1045 3283 detta
1068 3226 1115 3299 poi
1132 3226 1158 3284 el
1175 3225 1237 3294 San,
1257 3225 1332 3283 forsa

261 3316 464 3375 notasset-San
483 3350 517 3362 -
535 3319 558 3376 ll
575 3334 655 3376 nome
679 3316 708 3375 di
731 3316 856 3374 Zabaeba
879 3329 934 3371 nen
960 3315 997 3372 mi
1021 3315 1051 3372 lu
1071 3314 1136 3372 dato
1153 3317 1281 3374 trovarlo
1299 3315 1331 3371 in

260 3420 378 3464 nemum
395 3416 478 3464 sarta.
496 3407 559 3465 (insi
577 3409 601 3463 si
623 3406 685 3464 dica
702 3405 732 3463 di
757 3404 867 3463 Larissa
885 3418 966 3464 nome
992 3419 1107 3462 manuae
1122 3420 1140 3462 a
1157 3405 1239 3462 molta
1255 3405 1332 3468 anti·

251 3495 310 3552 elle
326 3497 393 3554 sitta
411 3495 520 3554 londate
537 3495 584 3554 dai
602 3495 735 3570 Palasgbi.

332 3583 371 3656 (5)
390 3584 477 3642 dham
503 3601 550 3643 era
568 3585 731 3642 nell'antiea
751 3582 894 3657 provincia
911 3581 939 3640 di
958 3582 1075 3651 Gessen,
1094 3583 1136 3640 tra
1152 3583 1173 3640 11
1198 3583 1275 3640 Delta
1294 3584 1333 3642 ed

258 3669 281 3726 il
292 3667 398 3728 deserto
415 3673 542 3742 Arabico,
556 3674 575 3730 il
588 3673 709 3731 Chemmi
729 3672 799 3730 delta
815 3672 920 3741 Btbbia,
938 3672 1075 3729 Chemmis
1085 3689 1103 3728 o
1114 3672 1245 3745 Panopoli
1257 3671 1334 3745 degli

262 3757 393 3830 Egiatani,
412 3759 486 3818 detto
503 3770 716 3844 presentemeote
735 3760 927 3818 Ekbmim.-
945 3760 1037 3818 Ebroo
1055 3775 1102 3819 era
1119 3761 1136 3817 l’
1145 3760 1235 3819 andos
1253 3761 1333 3820 arba

262 3860 280 3901 o
292 3845 413 3904 Cariath·
414 3848 479 3906 arbe
491 3866 550 3924 oggr
542 3850 649 3910 Cabre
661 3849 776 3919 lbraitn;
790 3851 826 3950 ba
837 3850 862 3909 le
874 3849 963 3910 tombs
974 3849 1043 3976 della
1051 3849 1205 3926 lamigliad'
1206 3848 1334 3909 Abram

259 3947 278 3990 e
295 3932 395 3992 tmita
412 3936 537 3996 abitanti.
