2970 4730
605 328 782 395 -lct-

155 502 287 592 pratibus
322 501 476 570 collocant.
500 502 577 569 Nam
600 513 630 570 et
653 505 733 571 lactis
757 515 787 571 et
820 506 929 585 mellis,
963 506 1162 600 amnibusque
1193 511 1224 577 in

154 610 246 676 coelis
269 628 302 675 se
325 606 537 675 circumfluere
572 608 801 695 exuberarequo
824 619 945 696 putant,
970 631 1102 699 cumque
1134 636 1225 702 ange·

153 715 255 781 lorum
278 714 349 781 liliis
371 715 522 780 maritales
545 714 657 782 habere
681 714 868 782 concubitus.
893 718 936 784 lta
959 736 1081 804 nempe
1094 729 1123 786 et
1145 721 1225 787 insti·

153 820 226 886 tutis
249 819 415 888 Mabumeti
438 828 558 886 cautum
574 829 604 885 et
618 820 823 906 praedicatum
839 830 884 887 est
900 823 998 908 vulgo.
1023 825 1048 890 0
1070 824 1224 892 bominem

153 944 292 990 scurram
315 925 461 1009 ineptum,
482 922 645 1010 perditum,
662 911 866 1011 desperatum,
883 927 936 1013 qui
951 935 1048 994 tantae
1063 929 1224 1016 impietatis

153 1029 238 1096 nolas
262 1030 384 1116 aggredi
407 1029 517 1095 veritas
540 1049 601 1096 non
624 1038 679 1096 est.

243 1137 423 1202 Ludooicaa.
447 1137 490 1203 lta
513 1135 606 1221 inepti
629 1146 701 1202 sunt
723 1137 830 1215 Mauri,
854 1147 889 1206 ut
911 1158 1068 1206 summum
1091 1150 1121 1207 et
1143 1161 1223 1210 sem·

153 1242 308 1327 pitarnum
332 1241 457 1320 bonum,
482 1261 544 1328 quo
567 1263 599 1308 se
622 1243 654 1308 in
677 1263 770 1329 regno
793 1245 948 1312 coelorum
963 1246 1048 1313 beari
1061 1257 1177 1332 putant,
1192 1249 1224 1314 in

109 1421 118 1439 ,
154 1349 291 1434 corporis
314 1347 515 1434 voluptatibus
538 1367 606 1414 esse
629 1347 803 1414 diffiniant?

155 1509 158 1514 .
246 1454 428 1522 Alcaoadcr.
459 1454 663 1524 Mabumetaui
694 1475 800 1522 omnes
831 1475 927 1543 quum
952 1458 1054 1525 semel
1083 1480 1112 1548 a
1130 1461 1223 1528 rebus

151 1561 334 1628 coelestibus
356 1562 416 1627 sint
437 1561 544 1638 aversi,
569 1561 631 1626 vim
654 1561 902 1648 maiestatemque
916 1564 980 1629 veri
996 1565 1045 1631 dei
1060 1567 1223 1633 nonintel·

151 1667 254 1754 ligant,
277 1668 308 1732 in
331 1677 441 1732 tantam
463 1666 598 1753 prolecto
621 1666 766 1732 insaniam
787 1667 893 1734 miseri
907 1668 1070 1749 devenere,
1086 1680 1120 1737 ut
1142 1663 1223 1737 sunr-

150 1792 240 1839 mum
263 1773 376 1838 summi
391 1772 527 1839 animalis
549 1772 664 1838 bonum
686 1773 717 1839 in
740 1792 777 1838 eo
793 1773 981 1855 constituant,
997 1776 1079 1863 quod
1094 1797 1223 1866 comune

151 1889 198 1947 est
220 1900 292 1946 cum
314 1880 439 1946 caeteris
461 1879 651 1945 animalibus.
675 1880 715 1944 Et
737 1878 874 1946 obscenis
906 1879 1061 1966 laedisque
1088 1884 1222 1969 volupta-

150 1984 234 2051 tibus
257 2004 291 2050 se
312 1983 445 2049 beandos
468 1983 649 2069 opinentur,
676 2002 766 2049 omne
790 1983 901 2050 scilicet
922 1986 1085 2054 condentes
1101 1988 1222 2074 ¹bouum

149 2090 182 2157 in
205 2089 371 2156 visceribus
393 2099 482 2175 atque
504 2088 656 2155 medullis.
681 2091 748 2169 Quo
774 2089 920 2156 nimirum
946 2091 1108 2178 liqueteos
1124 2095 1221 2184 omni·

151 2195 275 2262 modam
298 2195 403 2262 sectari
434 2194 526 2260 tidem
558 2194 772 2281 Sardanapali,
804 2215 863 2282 qua
893 2217 1081 2266 marmoreae
1110 2211 1222 2282 statuae

150 2302 214 2368 basi
237 2302 385 2368 subscribi
403 2300 514 2388 jussit:
541 2303 673 2380 Comata,
697 2307 778 2382 bibe,
804 2307 961 2384 lascivire,
985 2316 1100 2374 coetero
1122 2312 1221 2393 nibil,

150 2408 238 2495 cujus
261 2418 291 2474 et
313 2409 344 2474 in
367 2408 484 2474 tumulo
506 2407 562 2474 luit
585 2407 692 2474 litteris
717 2417 893 2475 exaratum:
929 2413 999 2478 baca
1033 2416 1122 2480 babeo
1145 2435 1222 2497 paca

152 2519 285 2594 comedi,
309 2535 385 2597 paor
419 2518 525 2582 lascive
548 2518 670 2596 deliqui.
696 2514 815 2598 Quippe
838 2522 870 2578 et
890 2514 1100 2583 Mabumetana
1123 2518 1220 2598 lides,

150 2641 210 2709 qua
225 2621 315 2688 totius
339 2621 413 2687 vitae
436 2620 602 2705 praesentis
626 2629 716 2705 atque
739 2619 858 2685 futurae
881 2619 943 2685 acta
962 2620 1135 2707 disponunt,
1151 2644 1220 2690 coe·

150 2727 313 2814 lorumque
336 2725 487 2813 siquidem
511 2745 641 2812 regnum
665 2724 757 2790 veluti
782 2724 902 2810 Elysios
924 2735 1084 2812 poetarum
1098 2747 1220 2818 campos

150 2835 383 2922 pomariumque
406 2834 539 2922 quodam
562 2833 804 2920 pulcherrimum
828 2832 950 2899 sibimet
972 2835 1219 2922 compingentes,

149 2940 233 3027 quod
255 2959 315 3006 non
338 2939 429 3005 modo
452 2940 527 3006 lacte
550 2939 703 3024 melleque
725 2936 865 3022 perfluat,
889 2937 943 3004 sed
965 2939 1048 3026 quod
1071 2943 1220 3030 omni-ge-

150 3065 225 3114 nere
241 3044 352 3112 florum
376 3055 406 3112 et
428 3045 584 3111 fructuum
608 3043 782 3112 delectabile
805 3044 852 3110 sit.
868 3044 927 3113 Ubi
942 3045 1091 3113 ambrosia
1114 3059 1145 3114 et
1166 3071 1223 3118 ne··

149 3159 239 3228 ctare,
264 3150 329 3235 ipso
352 3149 520 3216 Ganimede
544 3149 651 3234 pocula
680 3148 889 3228 ministrante,
913 3151 1033 3236 penitus
1056 3151 1114 3217 sint
1136 3163 1219 3238 pota·

149 3255 220 3322 turi.
252 3254 377 3335 Quando
407 3254 569 3320 libidinum
603 3253 719 3320 lacibus
752 3252 927 3320 inflammati
961 3265 1050 3342 atque
1085 3256 1219 3325 furentes

149 3359 325 3446 inexplebili
359 3359 441 3426 rabie
476 3360 598 3426 leminis
639 3360 842 3438 misceantur,
872 3368 902 3424 et
932 3359 1103 3428 affluentius
1134 3365 1218 3430 volu·

149 3474 245 3551 platea
269 3463 404 3550 undique
426 3463 573 3533 hauriant.
598 3465 662 3530 Hoc
684 3465 772 3550 plane
796 3483 952 3530 summurn
976 3465 1111 3544 bouum,
1142 3467 1219 3535 banc

149 3570 344 3636 novissimam
367 3590 475 3637 eorum
498 3569 722 3647 beatitudinem,
747 3568 951 3638 Mabumetaui
968 3590 1073 3637 omnes
1089 3593 1144 3639 suo
1159 3575 1218 3640 sibi

148 3675 294 3742 arbitratu
317 3696 409 3761 quam
432 3675 605 3740 firmissime
628 3673 816 3758 pollicentur.

239 3782 418 3848 Ludooicca.
443 3781 525 3847 Num
547 3799 618 3846 cum
640 3779 677 3844 iis
699 3777 823 3858 deliriis,
847 3778 922 3845 adeo
938 3781 1109 3870 ineptisque
1125 3784 1219 3852 borni·

149 3887 250 3966 nibus,
275 3885 314 3954 de
337 3886 419 3958 beata
443 3887 500 3953 vita
524 3885 723 3971 voluptatibus
746 3902 936 3973 nequaquam
959 3889 1081 3956 locanda
1103 3890 1150 3956 sit.
