2970 4730
717 397 760 415 -
775 357 897 430 tetta·

274 533 439 626 perducant
456 536 571 625 jejunia
591 535 663 622 (l),
695 558 754 604 non
770 533 863 604 'tanta
886 547 986 605 umen
1020 549 1050 605 et
1083 531 1235 607 diutinae
1259 531 1340 606 cibis

273 646 449 712 abstinentia
472 647 566 713 macie
589 647 821 725 contabescunt,
852 667 913 713 non
944 667 1097 734 exangues
1119 669 1154 716 ae
1175 650 1341 715 sanctiores

274 751 455 830 efficiuntur,
479 753 592 838 quippe
615 753 755 838 quitum
778 753 1018 820 instructioribus
1041 754 1341 840 pisciumcamium·

274 876 334 942 que
358 856 485 942 dapibus
508 858 546 923 ita
569 857 779 943 complentur,
810 858 849 924 ita
872 867 1104 938 exsaturantur,
1135 867 1170 925 ut
1196 853 1341 925 sudantes

274 949 486 1046 instantesque
509 962 601 1027 veluti
624 961 715 1046 opimi
739 960 831 1028 boves
855 958 1060 1030 omnimodam
1083 971 1235 1030 sectentur
1258 963 1343 1027 volu*

274 1075 396 1148 ptatem,
413 1074 443 1131 et
457 1074 604 1151 quantum
619 1065 755 1131 crudiori
778 1066 898 1150 crapula
922 1065 1181 1151 ingurgitaverint,
1197 1083 1342 1132 evomere

274 1172 501 1258 compellantur.
532 1172 653 1256 Quique
683 1172 708 1237 si
738 1171 838 1237 forsan
869 1172 975 1238 vinum
1005 1172 1197 1258 attingerint,
1229 1157 1342 1258 ¹(quod

275 1278 338 1345 suis
360 1276 417 1343 sibi
440 1276 580 1343 institutis
602 1276 709 1343 bibere
739 1276 821 1342 nefas
853 1275 942 1360 est),
974 1286 1016 1343 tot
1046 1277 1189 1342 hauriunt
1211 1269 1341 1352 calicesss

275 1382 480 1468 paulatimque
504 1391 621 1448 noctem
645 1379 868 1467 perducentes,
892 1391 934 1449 tot
956 1382 1068 1453 ciathos
1099 1370 1275 1459 sorbillant,
1306 1390 1344 1446 ut

275 1505 346 1555 curu
369 1508 386 1553 e
409 1486 491 1553 cenis
515 1487 714 1565 surrexerint,
730 1506 831 1573 neque
853 1507 907 1572 pes
930 1477 1031 1575 neque
1054 1507 1141 1554 mens
1163 1505 1254 1552 suum
1269 1488 1342 1556 satis

276 1593 409 1660 officium
431 1593 524 1659 faciat.
550 1593 691 1680 Tumque
715 1593 804 1660 delati
818 1593 856 1660 ad
873 1593 984 1672 thoros,
1007 1601 1078 1660 cnm
1093 1592 1130 1659 ad
1148 1592 1342 1660 Galliciniunt
1467 1615 1468 1648 v

275 1719 384 1785 usque,
407 1699 489 1782 gravi
513 1718 619 1784 sopore
643 1698 877 1777 dormitaverint,
901 1717 1007 1765 somno
1030 1699 1160 1784 vinoque
1184 1699 1303 1784 sepulti,
1324 1719 1342 1764 a

275 1801 506 1888 magistratibus,
531 1803 597 1888 (qui
620 1811 779 1869 nocturnas
802 1812 893 1888 agunt
916 1801 1071 1886 excubias)
1094 1802 1262 1889 fragoribus
1282 1804 1343 1869 cla·

251 1905 474 1994 'moribusque
509 1907 682 1993 permagnis
717 1907 883 1974 excitantur
897 1931 908 1986 ,·
941 1916 977 1973 ut
1010 1907 1110 1994 quoad
1140 1908 1255 1992 possint
1286 1905 1344 1974 boc
1459 1953 1461 1958 -

201 2083 202 2087 ,
276 2021 376 2078 sancto
387 2012 496 2098 jejunii
513 2022 657 2096 tempore,
682 2029 807 2095 operam
823 2010 895 2077 dent
909 2011 1013 2077 liberis
1035 2003 1240 2097 procreandis,
1263 2027 1342 2098 quo*

276 2117 358 2182 niam
380 2125 446 2181 tum
468 2116 560 2180 sancti
584 2122 744 2179 nascantur
768 2113 832 2180 filii.
856 2116 921 2193 Qua
943 2115 974 2187 in
998 2133 1031 2179 re
1055 2123 1146 2193 taceo,
1170 2133 1232 2201 quo
1255 2116 1342 2194 luxu,

277 2221 405 2289 libidine
423 2239 519 2285 venus
543 2219 729 2297 infervescat,
754 2239 840 2285 mero
864 2229 894 2286 et
916 2219 1014 2305 epulis
1037 2219 1229 2299 inflammata,
1245 2231 1342 2307 quum

277 2347 338 2394 non
360 2321 476 2392 tantum
499 2346 558 2392 una
581 2325 633 2391 uni
656 2324 695 2390 sit
717 2344 815 2404 uxor,
839 2325 896 2390 sed
916 2333 1130 2412 ternaeatque
1160 2335 1342 2411 quaternae,

277 2453 348 2499 cnm
371 2431 482 2518 quibus
505 2431 688 2512 foedissime,
712 2434 782 2500 satis
805 2433 1016 2504 blabumetana
1031 2443 1205 2501 consecrant
1215 2433 1342 2520 jejunia.

278 2537 550 2605 comessationibus
572 2538 672 2625 itaque
695 2548 726 2604 et
747 2538 912 2618 concubitu,
932 2537 1041 2625 jejunii
1064 2539 1111 2605 sui
1134 2548 1238 2606 noctes
1265 2540 1344 2605 inter

277 2663 310 2708 se
344 2652 459 2709 terent.
496 2645 591 2710 Taceo
622 2641 852 2710 abominandam
881 2655 942 2708 non
972 2651 1033 2709 tam
1064 2642 1221 2709 libidinem
1252 2655 1344 2730 quam

277 2747 443 2825 insaniam,
476 2765 534 2834 qua
565 2767 601 2813 eo
631 2766 755 2834 quoque
787 2757 922 2833 tempore
938 2757 1081 2815 'aetatem
1107 2747 1291 2815 imbecillem
1315 2742 1345 2815 et

277 2852 426 2935 praesidio
448 2852 642 2938 indigentem,
659 2851 835 2918 faedandam
851 2851 1154 2939 depopulandamque
1169 2847 1345 2919 subtrahant

278 2975 349 3023 suae
371 2957 650 3042 impudentissimae
673 2958 827 3044 voluptati.
851 2958 937 3043 Piget
959 2957 1165 3037 mediocre,
1187 2958 1269 3044 quod
1284 2963 1352 3026 'eos-

277 3082 338 3130 non
359 3062 442 3148 piget
464 3062 571 3129 facere.
595 3063 696 3133 Vincit
718 3063 832 3150 quippe
855 3063 988 3130 officium
1003 3065 1121 3150 linguae
1138 3065 1344 3131 scelere-mas

278 3168 411 3256 gnitudo.
444 3169 490 3234 Ile
521 3187 582 3254 quo
609 3167 673 3254 jam
705 3168 775 3234 satis
806 3169 909 3235 multa.
945 3169 1106 3234 Caeterum
1129 3166 1346 3235 et‘ofliciosam

278 3273 641 3359 Maurorum'pietatem,
665 3273 739 3339 dum
762 3293 816 3340 sua
845 3271 1030 3360 pauperibus
1060 3281 1203 3360 erogant,
1235 3274 1284 3340 vel
1313 3273 1344 3339 in

277 3387 410 3446 caeteros
432 3378 639 3446 liberalitatem
669 3387 832 3458 exercent,
867 3386 1021 3466 postremo
1044 3378 1283 3445 consideremus.
1306 3379 1344 3444 lli

275 3553 277 3558 '
284 3557 500 3578 ι--

314 3625 316 3630 “
350 3637 389 3720 (l)
409 3631 431 3704 b
449 3657 545 3723 questo
562 3649 582 3706 it
606 3649 717 3723 digiuno
737 3648 780 3708 del
807 3649 941 3724 grandee
964 3648 1008 3707 del
1034 3605 1140 3724 piccolo¹
1164 3649 1270 3708 Beiram
1297 3649 1346 3708 du·

280 3741 361 3790 rante
377 3735 396 3791 it
414 3737 518 3810 quale'
511 3755 520 3794 ι
538 3735 639 3814 signori
666 3739 840 3796 maomettani
866 3740 951 3797 fanno
978 3738 1073 3812 grandi
1100 3737 1259 3808 elemosine,
1276 3737 1308 3796 ed
1326 3737 1346 3794 il

279 3821 391 3895 digiuuo
408 3821 450 3880 del
477 3833 549 3882 mese
575 3825 604 3882 di
622 3827 778 3898 Ramadau,
798 3828 828 3897 9ο
847 3843 919 3888 mese
945 3825 988 3888 del
1010 3826 1174 3930 calendario
1187 3835 1278 3936 turco,
1297 3824 1346 3884 che

279 3915 456 3982 mppresentt
473 3911 499 3969 la
518 3912 596 3971 toro
590 3913 755 3987 quaresima.
803 3948 810 3953 -
866 3949 869 3952 -
933 3947 962 3990 ¹.
988 3923 1040 3968 ·,
1045 3947 1050 3952 -
1127 3949 1129 3951 -
1290 3943 1315 3948 .-
