2970 4730
734 355 912 420 ...gg-

287 530 477 619 pruinarum,
500 529 767 618 quibus'bumana
797 549 923 616 corpora
953 528 1051 595 acrius
1076 530 1249 617 vigescunt,
1283 553 1359 600 con·

289 637 493 722 ficiunturque
524 653 756 722 saepenumero,
780 636 939 721 tranquilla
967 654 1089 721 semper
1112 645 1141 701 11
1162 638 1263 702 suavis
1286 621 1356 724 gra·

288 752 378 830 taque
408 743 570 829 temperies
603 751 786 829 perseverat.
822 745 887 822 Qua
919 742 1045 829 virgulta
1080 742 1220 821 arbores,
1252 745 1355 822 olera,

285 861 408 936 sataque
431 850 540 926 omnia,
563 850 694 916 maxima
718 849 901 916 intuentium
923 848 1118 914 oblectatione
1142 848 1355 925 1111111101-

285 956 426 1035 descunt,
450 955 581 1021 fundunt
604 955 710 1034 tiores,
742 955 860 1042 fruges,
883 955 1058 1040 baccasque.
1083 956 1167 1034 Quae
1189 963 1219 1020 et
1241 955 1356 1021 aestivo

284 1071 429 1130 maturata
445 1072 581 1148 ternpore
596 1082 688 1149 quam
702 1063 871 1129 diutissime
887 1069 1016 1138 servant,
1040 1081 1078 1126 ne
1101 1061 1160 1127 illis
1172 1060 1355 1147 hymbribus

283 1170 439 1254 pruinisve
470 1178 714 1254 corrumpantur.
743 1169 926 1235 Nimbornm
957 1168 1039 1233 enim
1065 1168 1129 1232 vice
1160 1187 1252 1252 quam
1275 1167 1355 1234 uber

285 1273 326 1342 ibi
355 1275 461 1343 defluit
491 1297 550 1342 ros.
583 1275 769 1362 Aegyptium
800 1275 950 1362 siquidem
981 1275 1080 1340 solnrn
1110 1274 1147 1339 ab
1179 1274 1239 1340 Nili
1262 1292 1355 1339 amne

284 1381 434 1468 irrigatur,
458 1402 518 1447 non
541 1381 650 1467 pluvia,
673 1380 791 1446 fructus
813 1380 929 1465 profert
950 1380 1002 1467 qui
1026 1390 1151 1465 repente
1174 1389 1204 1445 et
1226 1389 1356 1446 mature·

284 1498 381 1556 scunt.
409 1488 454 1555 hc
492 1488 672 1574 praesertim
706 1489 736 1554 in
774 1487 926 1554 Thebaide
961 1485 1115 1572 qrrondam
1148 1485 1355 1570 plurimorum

284 1604 455 1661 sanctorum
479 1594 659 1661 habitatione
689 1592 897 1669 celeberrima,
920 1613 937 1656 a
961 1611 1019 1677 qua
1042 1611 1096 1656 sex
1126 1590 1247 1655 dierum
1271 1590 1354 1656 navi·

284 1701 401 1786 gatinne
417 1701 556 1777 maxima,
574 1718 679 1786 rerum
696 1699 912 1784 fructuumque
932 1698 1069 1763 omnium
1085 1696 1254 1782 Memphim
1270 1697 1355 1782 copia

284 1805 350 1871 dies
373 1805 508 1871 affertur.
532 1805 617 1873 fliius
641 1824 713 1870 sane
737 1803 876 1889 frugibus
899 1802 1045 1869 exuberat
1071 1802 1232 1886 Memphis.
1257 1801 1355 1888 Cujus

285 1931 358 1997 opes
374 1921 463 1998 atque
479 1910 609 1990 divitiae,
624 1921 668 1977 101
691 1920 842 1997 tantaque,
866 1911 1033 1976 multorum
1049 1910 1194 1974 sententia
1218 1909 1355 1975 christia·

281 2037 404 2094 norum,
428 2018 482 2103 qni
505 2017 619 2084 diutius
646 2038 713 2084 eam
747 2018 898 2082 immorati
922 2025 993 2083 sunt
1023 2035 1089 2082 esse
1112 2015 1296 2094 creduntur,
1321 2025 1355 2082 ut

284 2123 334 2188 vix
357 2123 427 2187 satis
450 2121 509 2187 dici
532 2122 634 2206 possit.
659 2124 706 2189 De
732 2143 795 2209 quo
819 2122 972 2189 hactenus.

377 2228 556 2292 bodonicus.
581 2227 758 2314 Pyramides
782 2228 934 2314 Memphis
954 2247 1039 2294 snarn
1063 2227 1101 2294 ob
1124 2227 1356 2312 amplitudinem
1474 2293 1475 2336 ἦ

284 2333 390 2400 orbem
407 2342 558 2399 terrarum
569 2335 734 2420 implevere
760 2336 852 2402 fama.
870 2338 934 2416 Qua
952 2357 995 2413 11,
1011 2355 1081 2402 cum
1107 2335 1164 2402 tuis
1185 2355 1234 2401 eas
1250 2356 1354 2421 aspec-

283 2438 393 2504 taveris
428 2439 543 2518 oculis,
578 2440 773 2526 cupidissime
801 2452 870 2528 opto
902 2442 954 2508 abs
982 2451 1011 2508 te
1043 2461 1152 2517 nosse,
1175 2441 1263 2528 cujus
1298 2441 1354 2507 hae

284 2545 498 2631 magnitudinis
522 2547 590 2625 sint,
613 2546 700 2633 cujus
723 2547 847 2626 formae,
878 2569 970 2635 quarn
995 2549 1033 2614 nb
1056 2567 1175 2614 causam
1198 2547 1352 2626 conditae,

282 2651 363 2717 acsi
387 2651 462 2718 forte
485 2651 598 2719 fuerint
627 2654 719 2719 sancti
743 2654 855 2739 ioseph
878 2654 997 2721 horrea.
1022 2658 1056 2722 In
1080 2654 1191 2741 quibus
1222 2652 1352 2739 Aegypti

283 2755 508 2822 affluentissima
531 2768 648 2844 septem
681 2778 830 2824 annorum
864 2759 1022 2837 ubertate,
1046 2760 1193 2825 immensa
1220 2759 1354 2826 condidit

281 2862 442 2940 frumenta,
467 2863 585 2931 futurae
608 2865 761 2951 praescius
784 2865 921 2932 caritatis.
947 2866 1048 2952 Atque
1063 2866 1132 2952 quis
1148 2874 1244 2932 tantae
1263 2866 1355 2932 molis

281 2967 427 3045 conditor,
451 2969 476 3033 si
499 2968 574 3035 forte
598 2970 838 3057 interlcgendum
861 2972 989 3036 noveris.
1014 2970 1060 3056 (1)

372 3073 553 3141 1111111111.
585 3075 714 3162 Aegypti
746 3077 940 3162 pyramides,
972 3097 1049 3163 quae
1071 3098 1087 3142 1
1110 3076 1262 3162 Memphis
1285 3097 1352 3164 pas·

288 3203 504 3218 m

357 3243 395 3312 (t)
415 3240 426 3296 1
446 3239 604 3312 viaggiatori
624 3241 731 3300 italiani
750 3242 870 3312 antichi,
890 3243 1034 3300 chiamano
1051 3243 1245 3315 generalmente
1262 3243 1287 3300 le
1311 3243 1355 3299 Pi·

285 3329 398 3396 ramidi‚
420 3329 513 3401 granai
540 3328 567 3386 di
593 3330 734 3401 Faraone;
757 3332 825 3389 frate
853 3332 979 3401 Ariosto,
999 3332 1129 3404 piuttcsto
1155 3331 1205 3388 che
1222 3330 1355 3404 sbagiiare
1470 3307 1471 3346 ³

287 3416 368 3474 111111
386 3417 412 3472 11
429 3431 492 3471 cosa
510 3416 539 3472 in
557 3416 668 3474 dubbio.
691 3419 713 3474 11
734 3419 825 3491 signer
848 3419 945 3476 cesare
970 3418 1116 3475 Vimercati
1133 3419 1176 3475 nef
1194 3435 1244 3476 suo
1262 3434 1354 3491 prege-

286 3506 347 3561 vole
363 3503 444 3571 fibro,
465 3504 486 3559 11
509 3505 608 3562 &nate
625 3506 654 3561 n·
676 3507 749 3575 8111,
767 3507 948 3580 saggiamente
965 3522 1076 3566 0111111
1100 3505 1171 3564 «cbe
1189 3507 1215 3563 11
1232 3508 1354 3580 spiaggia
1469 3503 1470 3524 ¹

285 3592 329 3648 def
347 3593 410 3649 Nilo
432 3593 594 3650 stendentesi
612 3594 657 3651 dal
679 3594 754 3651 Nord
773 3596 797 3651 11
817 3595 872 3652 Sud
891 3611 945 3651 non
970 3595 1005 3651 ha
1023 3595 1072 3652 che
1089 3610 1144 3652 una
1167 3595 1284 3652 limitata
1301 3597 1353 3652 111-

286 3680 396 3752 ghezza,
409 3698 423 3738 e
435 3680 549 3738 serebbe
567 3682 619 3740 ben
638 3692 728 3756 presto
745 3683 886 3756 ingnmbra
904 3683 930 3740 di
944 3683 1045 3752 sabbie,
1057 3700 1086 3741 se
1103 3683 1177 3740 nuffa
1196 3692 1353 3742 tractenesse

287 3767 305 3823 f'
317 3767 453 3826 irruaione
471 3768 514 3826 del
531 3769 645 3844 flagello.
663 3771 764 3839 Quindi
790 3787 854 3844 pare
871 3773 921 3828 che
939 3773 962 3830 fe
986 3771 1129 3845 piramidi,
1148 3773 1173 3830 fe
1190 3773 1267 3846 quali
1285 3789 1353 3830 sono

287 3871 337 3927 per
354 3856 380 3912 lo
404 3857 453 3928 piir
477 3859 548 3931 negli
571 3859 678 3917 sboccbi
703 3860 770 3917 delle
794 3861 858 3918 vafli
882 3861 1025 3918 traversafi
1049 3860 1119 3918 della
1141 3868 1235 3919 1111111
1262 3863 1351 3934 libica,

287 3943 365 4002 siano
382 3953 451 4004 state
469 3947 615 4006 fabbricate
632 3965 682 4022 per
699 3956 832 4009 arrestcre
850 3949 860 4007 i
878 3950 953 4010 11111
971 3950 1126 4012 dell'orest.
1145 3974 1155 3999 ·
1199 3993 1203 3998 -
