<?xml version="1.0" encoding="UTF-8"?>
<!DOCTYPE html PUBLIC "-//W3C//DTD XHTML 1.0 Transitional//EN"
    "http://www.w3.org/TR/xhtml1/DTD/xhtml1-transitional.dtd">
<html xmlns="http://www.w3.org/1999/xhtml" xml:lang="en" lang="en">
 <head>
  <title>
</title>
<meta http-equiv="Content-Type" content="text/html;charset=utf-8" />
  <meta name='ocr-system' content='tesseract 3.04.00' />
  <meta name='ocr-capabilities' content='ocr_page ocr_carea ocr_par ocr_line ocrx_word'/>
</head>
<body>
  <div class='ocr_page' id='page_1' title='image "./viaggionellasir00ariogoog_0101.png"; bbox 0 0 2970 4730; ppageno 0'>
   <div class='ocr_carea' id='block_1_1' title="bbox 731 328 909 398">
    <p class='ocr_par' dir='ltr' id='par_1_1' title="bbox 731 328 909 398">
     <span class='ocr_line' id='line_1_1' title="bbox 731 328 909 398; baseline 0.006 -17"><span class='ocrx_word' id='word_1_1' title='bbox 731 328 909 398; x_wconf 66' lang='lat'>...96-</span> 
     </span>
    </p>
   </div>
   <div class='ocr_carea' id='block_1_2' title="bbox 247 505 1355 2398">
    <p class='ocr_par' dir='ltr' id='par_1_2' title="bbox 247 505 1355 2398">
     <span class='ocr_line' id='line_1_2' title="bbox 288 505 1354 596; baseline 0.002 -21"><span class='ocrx_word' id='word_1_2' title='bbox 288 510 402 576; x_wconf 89' lang='lat' dir='ltr'>similos</span> <span class='ocrx_word' id='word_1_3' title='bbox 425 517 504 586; x_wconf 92' lang='lat' dir='ltr'>sunt,</span> <span class='ocrx_word' id='word_1_4' title='bbox 518 516 632 574; x_wconf 89' lang='lat' dir='ltr'>tantum</span> <span class='ocrx_word' id='word_1_5' title='bbox 655 505 837 591; x_wconf 77' lang='lat' dir='ltr'>Aegyptum.</span> <span class='ocrx_word' id='word_1_6' title='bbox 855 507 893 572; x_wconf 92' lang='lat' dir='ltr'>lli</span> <span class='ocrx_word' id='word_1_7' title='bbox 909 507 987 574; x_wconf 88' lang='lat' dir='ltr'>binis</span> <span class='ocrx_word' id='word_1_8' title='bbox 1010 506 1141 593; x_wconf 91' lang='lat' dir='ltr'>pedibus</span> <span class='ocrx_word' id='word_1_9' title='bbox 1164 511 1354 596; x_wconf 71' lang='lat' dir='ltr'>gradiuntur,</span> 
     </span>
     <span class='ocr_line' id='line_1_3' title="bbox 287 616 1355 706; baseline 0.004 -22"><span class='ocrx_word' id='word_1_10' title='bbox 287 629 318 684; x_wconf 90' lang='lat' dir='ltr'>et</span> <span class='ocrx_word' id='word_1_11' title='bbox 340 618 493 703; x_wconf 81' lang='lat' dir='ltr'>prioribus</span> <span class='ocrx_word' id='word_1_12' title='bbox 516 627 546 682; x_wconf 89' lang='lat' dir='ltr'>et</span> <span class='ocrx_word' id='word_1_13' title='bbox 568 616 707 682; x_wconf 88' lang='lat' dir='ltr'>manibus</span> <span class='ocrx_word' id='word_1_14' title='bbox 732 626 858 682; x_wconf 91' lang='lat' dir='ltr'>utuntur</span> <span class='ocrx_word' id='word_1_15' title='bbox 881 618 967 684; x_wconf 92' lang='lat' dir='ltr'>sicuti</span> <span class='ocrx_word' id='word_1_16' title='bbox 991 619 1140 698; x_wconf 86' lang='lat' dir='ltr'>Babuini,</span> <span class='ocrx_word' id='word_1_17' title='bbox 1165 641 1241 706; x_wconf 91' lang='lat' dir='ltr'>quos</span> <span class='ocrx_word' id='word_1_18' title='bbox 1264 621 1355 688; x_wconf 89' lang='lat' dir='ltr'>disci·</span> 
     </span>
     <span class='ocr_line' id='line_1_4' title="bbox 288 721 1354 814; baseline 0.005 -25"><span class='ocrx_word' id='word_1_19' title='bbox 288 726 368 810; x_wconf 83' lang='lat' dir='ltr'>plina</span> <span class='ocrx_word' id='word_1_20' title='bbox 383 733 561 790; x_wconf 86' lang='lat' dir='ltr'>cunctorum</span> <span class='ocrx_word' id='word_1_21' title='bbox 573 742 669 808; x_wconf 89' lang='lat' dir='ltr'>paene</span> <span class='ocrx_word' id='word_1_22' title='bbox 685 721 828 789; x_wconf 91' lang='lat' dir='ltr'>ludorum</span> <span class='ocrx_word' id='word_1_23' title='bbox 844 724 975 790; x_wconf 91' lang='lat' dir='ltr'>imbutos</span> <span class='ocrx_word' id='word_1_24' title='bbox 991 725 1062 791; x_wconf 90' lang='lat' dir='ltr'>vidi.</span> <span class='ocrx_word' id='word_1_25' title='bbox 1079 725 1128 790; x_wconf 82' lang='lat' dir='ltr'>nd</span> <span class='ocrx_word' id='word_1_26' title='bbox 1144 727 1224 793; x_wconf 82' lang='lat' dir='ltr'>vocis</span> <span class='ocrx_word' id='word_1_27' title='bbox 1241 748 1354 814; x_wconf 90' lang='lat' dir='ltr'>nempe</span> 
     </span>
     <span class='ocr_line' id='line_1_5' title="bbox 288 829 1355 916; baseline 0.003 -19"><span class='ocrx_word' id='word_1_28' title='bbox 288 832 450 916; x_wconf 90' lang='lat' dir='ltr'>imperium</span> <span class='ocrx_word' id='word_1_29' title='bbox 474 838 644 915; x_wconf 87' lang='lat' dir='ltr'>nutumque</span> <span class='ocrx_word' id='word_1_30' title='bbox 675 829 807 914; x_wconf 81' lang='lat' dir='ltr'><strong>magistri</strong></span> <span class='ocrx_word' id='word_1_31' title='bbox 839 839 882 896; x_wconf 91' lang='lat' dir='ltr'>tot</span> <span class='ocrx_word' id='word_1_32' title='bbox 912 831 1045 897; x_wconf 93' lang='lat' dir='ltr'>ludricos</span> <span class='ocrx_word' id='word_1_33' title='bbox 1075 841 1179 908; x_wconf 89' lang='lat' dir='ltr'>actus,</span> <span class='ocrx_word' id='word_1_34' title='bbox 1211 833 1355 900; x_wconf 88' lang='lat' dir='ltr'>honestos</span> 
     </span>
     <span class='ocr_line' id='line_1_6' title="bbox 288 936 1355 1022; baseline 0.003 -19"><span class='ocrx_word' id='word_1_35' title='bbox 288 937 493 1020; x_wconf 90' lang='lat' dir='ltr'>obscenosque</span> <span class='ocrx_word' id='word_1_36' title='bbox 516 945 628 1020; x_wconf 81' lang='lat' dir='ltr'>agunt,</span> <span class='ocrx_word' id='word_1_37' title='bbox 652 945 685 1002; x_wconf 92' lang='lat' dir='ltr'>ut</span> <span class='ocrx_word' id='word_1_38' title='bbox 708 936 757 1000; x_wconf 85' lang='lat' dir='ltr'>vix</span> <span class='ocrx_word' id='word_1_39' title='bbox 780 937 892 1022; x_wconf 91' lang='lat' dir='ltr'>cuique</span> <span class='ocrx_word' id='word_1_40' title='bbox 914 937 1059 1003; x_wconf 80' lang='lat' dir='ltr'>credibile</span> <span class='ocrx_word' id='word_1_41' title='bbox 1083 939 1219 1006; x_wconf 85' lang='lat' dir='ltr'>videatur</span> <span class='ocrx_word' id='word_1_42' title='bbox 1243 941 1301 1006; x_wconf 92' lang='lat' dir='ltr'>nisi</span> <span class='ocrx_word' id='word_1_43' title='bbox 1324 949 1355 1006; x_wconf 89' lang='lat' dir='ltr'>et</span> 
     </span>
     <span class='ocr_line' id='line_1_7' title="bbox 247 1042 1354 1132; baseline 0.002 -23"><span class='ocrx_word' id='word_1_44' title='bbox 247 1061 251 1069; x_wconf 84' lang='lat'><strong>·</strong></span> <span class='ocrx_word' id='word_1_45' title='bbox 288 1043 382 1110; x_wconf 88' lang='lat' dir='ltr'>oculis</span> <span class='ocrx_word' id='word_1_46' title='bbox 406 1062 440 1107; x_wconf 91' lang='lat' dir='ltr'>ea</span> <span class='ocrx_word' id='word_1_47' title='bbox 464 1043 501 1108; x_wconf 93' lang='lat' dir='ltr'>sit</span> <span class='ocrx_word' id='word_1_48' title='bbox 523 1043 658 1108; x_wconf 81' lang='lat' dir='ltr'><strong>intuitus.</strong></span> <span class='ocrx_word' id='word_1_49' title='bbox 683 1042 762 1108; x_wconf 88' lang='lat' dir='ltr'>Cum</span> <span class='ocrx_word' id='word_1_50' title='bbox 785 1062 895 1127; x_wconf 86' lang='lat' dir='ltr'>nempe</span> <span class='ocrx_word' id='word_1_51' title='bbox 911 1043 948 1109; x_wconf 90' lang='lat' dir='ltr'>ad</span> <span class='ocrx_word' id='word_1_52' title='bbox 964 1044 1177 1129; x_wconf 82' lang='lat' dir='ltr'>magistrorum</span> <span class='ocrx_word' id='word_1_53' title='bbox 1192 1056 1354 1132; x_wconf 89' lang='lat' dir='ltr'>quaestum</span> 
     </span>
     <span class='ocr_line' id='line_1_8' title="bbox 288 1148 1353 1236; baseline 0.003 -21"><span class='ocrx_word' id='word_1_54' title='bbox 288 1149 319 1215; x_wconf 95' lang='lat' dir='ltr'>in</span> <span class='ocrx_word' id='word_1_55' title='bbox 342 1148 519 1234; x_wconf 82' lang='lat' dir='ltr'>spectaculis</span> <span class='ocrx_word' id='word_1_56' title='bbox 535 1149 655 1227; x_wconf 91' lang='lat' dir='ltr'>ludunt,</span> <span class='ocrx_word' id='word_1_57' title='bbox 672 1150 829 1215; x_wconf 94' lang='lat' dir='ltr'>mimirum</span> <span class='ocrx_word' id='word_1_58' title='bbox 853 1150 1109 1236; x_wconf 87' lang='lat' dir='ltr'>histrionibusque</span> <span class='ocrx_word' id='word_1_59' title='bbox 1132 1152 1162 1216; x_wconf 96' lang='lat' dir='ltr'>in</span> <span class='ocrx_word' id='word_1_60' title='bbox 1186 1153 1303 1218; x_wconf 86' lang='lat' dir='ltr'>scaenis</span> <span class='ocrx_word' id='word_1_61' title='bbox 1322 1174 1353 1218; x_wconf 91' lang='lat' dir='ltr'>a·</span> 
     </span>
     <span class='ocr_line' id='line_1_9' title="bbox 288 1256 1355 1342; baseline 0.001 -19"><span class='ocrx_word' id='word_1_62' title='bbox 288 1266 391 1342; x_wconf 86' lang='lat' dir='ltr'>gentes</span> <span class='ocrx_word' id='word_1_63' title='bbox 403 1277 513 1342; x_wconf 88' lang='lat' dir='ltr'>nempe</span> <span class='ocrx_word' id='word_1_64' title='bbox 530 1256 744 1342; x_wconf 85' lang='lat' dir='ltr'>comparandos</span> <span class='ocrx_word' id='word_1_65' title='bbox 761 1265 892 1342; x_wconf 91' lang='lat' dir='ltr'>putares.</span> <span class='ocrx_word' id='word_1_66' title='bbox 906 1258 984 1324; x_wconf 90' lang='lat' dir='ltr'>lussi</span> <span class='ocrx_word' id='word_1_67' title='bbox 1000 1257 1113 1342; x_wconf 91' lang='lat' dir='ltr'>quippe</span> <span class='ocrx_word' id='word_1_68' title='bbox 1130 1267 1160 1323; x_wconf 92' lang='lat' dir='ltr'>et</span> <span class='ocrx_word' id='word_1_69' title='bbox 1175 1258 1307 1324; x_wconf 79' lang='lat' dir='ltr'>laeticiae</span> <span class='ocrx_word' id='word_1_70' title='bbox 1323 1267 1355 1324; x_wconf 91' lang='lat' dir='ltr'>et</span> 
     </span>
     <span class='ocr_line' id='line_1_10' title="bbox 288 1362 1355 1448; baseline 0.001 -21"><span class='ocrx_word' id='word_1_71' title='bbox 288 1363 435 1428; x_wconf 90' lang='lat' dir='ltr'>moeroris</span> <span class='ocrx_word' id='word_1_72' title='bbox 457 1371 604 1429; x_wconf 88' lang='lat' dir='ltr'>ostentant</span> <span class='ocrx_word' id='word_1_73' title='bbox 627 1363 720 1448; x_wconf 81' lang='lat' dir='ltr'>signa,</span> <span class='ocrx_word' id='word_1_74' title='bbox 741 1371 908 1448; x_wconf 86' lang='lat' dir='ltr'>cantusque</span> <span class='ocrx_word' id='word_1_75' title='bbox 924 1362 1037 1447; x_wconf 91' lang='lat' dir='ltr'>pariter</span> <span class='ocrx_word' id='word_1_76' title='bbox 1060 1371 1090 1428; x_wconf 89' lang='lat' dir='ltr'>et</span> <span class='ocrx_word' id='word_1_77' title='bbox 1111 1363 1241 1448; x_wconf 79' lang='lat' dir='ltr'>gemitus</span> <span class='ocrx_word' id='word_1_78' title='bbox 1259 1363 1355 1428; x_wconf 92' lang='lat' dir='ltr'>edunt</span> 
     </span>
     <span class='ocr_line' id='line_1_11' title="bbox 288 1466 1353 1554; baseline 0.002 -22"><span class='ocrx_word' id='word_1_79' title='bbox 288 1489 390 1547; x_wconf 91' lang='lat' dir='ltr'>voces,</span> <span class='ocrx_word' id='word_1_80' title='bbox 414 1488 564 1554; x_wconf 89' lang='lat' dir='ltr'>auresque</span> <span class='ocrx_word' id='word_1_81' title='bbox 588 1467 770 1544; x_wconf 89' lang='lat' dir='ltr'>demulcent,</span> <span class='ocrx_word' id='word_1_82' title='bbox 794 1469 915 1534; x_wconf 88' lang='lat' dir='ltr'>Rictum</span> <span class='ocrx_word' id='word_1_83' title='bbox 938 1466 1127 1545; x_wconf 86' lang='lat' dir='ltr'>contrahunt,</span> <span class='ocrx_word' id='word_1_84' title='bbox 1150 1467 1281 1534; x_wconf 82' lang='lat' dir='ltr'>frontem</span> <span class='ocrx_word' id='word_1_85' title='bbox 1304 1489 1353 1534; x_wconf 91' lang='lat' dir='ltr'>sc-</span> 
     </span>
     <span class='ocr_line' id='line_1_12' title="bbox 289 1573 1355 1654; baseline -0.003 -11"><span class='ocrx_word' id='word_1_86' title='bbox 289 1586 404 1654; x_wconf 90' lang='lat' dir='ltr'>renant,</span> <span class='ocrx_word' id='word_1_87' title='bbox 420 1577 524 1643; x_wconf 88' lang='lat' dir='ltr'>oculos</span> <span class='ocrx_word' id='word_1_88' title='bbox 540 1577 570 1642; x_wconf 97' lang='lat' dir='ltr'>in</span> <span class='ocrx_word' id='word_1_89' title='bbox 587 1575 736 1642; x_wconf 87' lang='lat' dir='ltr'>lasciviam</span> <span class='ocrx_word' id='word_1_90' title='bbox 760 1574 922 1640; x_wconf 88' lang='lat' dir='ltr'>resolvunt.</span> <span class='ocrx_word' id='word_1_91' title='bbox 940 1573 1114 1640; x_wconf 89' lang='lat' dir='ltr'>Gratulandi</span> <span class='ocrx_word' id='word_1_92' title='bbox 1131 1573 1265 1640; x_wconf 86' lang='lat' dir='ltr'>officium</span> <span class='ocrx_word' id='word_1_93' title='bbox 1281 1594 1355 1640; x_wconf 82' lang='lat' dir='ltr'>voce</span> 
     </span>
     <span class='ocr_line' id='line_1_13' title="bbox 287 1679 1353 1767; baseline -0.002 -19"><span class='ocrx_word' id='word_1_94' title='bbox 287 1684 447 1760; x_wconf 90' lang='lat' dir='ltr'>declarant,</span> <span class='ocrx_word' id='word_1_95' title='bbox 471 1684 633 1749; x_wconf 82' lang='lat' dir='ltr'>irascentes</span> <span class='ocrx_word' id='word_1_96' title='bbox 666 1690 759 1767; x_wconf 83' lang='lat' dir='ltr'>egunt</span> <span class='ocrx_word' id='word_1_97' title='bbox 781 1699 889 1746; x_wconf 91' lang='lat' dir='ltr'>sonum</span> <span class='ocrx_word' id='word_1_98' title='bbox 914 1680 1011 1766; x_wconf 85' lang='lat' dir='ltr'>iurgio</span> <span class='ocrx_word' id='word_1_99' title='bbox 1034 1679 1176 1756; x_wconf 89' lang='lat' dir='ltr'>similem,</span> <span class='ocrx_word' id='word_1_100' title='bbox 1193 1679 1353 1746; x_wconf 92' lang='lat' dir='ltr'>bominum</span> 
     </span>
     <span class='ocr_line' id='line_1_14' title="bbox 287 1784 1353 1875; baseline -0.004 -21"><span class='ocrx_word' id='word_1_101' title='bbox 287 1787 460 1875; x_wconf 88' lang='lat' dir='ltr'>pudicitiam</span> <span class='ocrx_word' id='word_1_102' title='bbox 495 1787 773 1873; x_wconf 90' lang='lat' dir='ltr'>impudicitiamque</span> <span class='ocrx_word' id='word_1_103' title='bbox 809 1785 941 1850; x_wconf 89' lang='lat' dir='ltr'>honestis</span> <span class='ocrx_word' id='word_1_104' title='bbox 975 1794 1005 1850; x_wconf 92' lang='lat' dir='ltr'>et</span> <span class='ocrx_word' id='word_1_105' title='bbox 1038 1784 1205 1850; x_wconf 88' lang='lat' dir='ltr'>inhonestis</span> <span class='ocrx_word' id='word_1_106' title='bbox 1238 1784 1353 1851; x_wconf 87' lang='lat' dir='ltr'>actibus</span> 
     </span>
     <span class='ocr_line' id='line_1_15' title="bbox 286 1890 1353 1977; baseline -0.006 -15"><span class='ocrx_word' id='word_1_107' title='bbox 286 1896 484 1962; x_wconf 91' lang='lat' dir='ltr'>mentiuntur.</span> <span class='ocrx_word' id='word_1_108' title='bbox 509 1895 583 1961; x_wconf 87' lang='lat' dir='ltr'>Telo</span> <span class='ocrx_word' id='word_1_109' title='bbox 606 1893 806 1959; x_wconf 83' lang='lat' dir='ltr'>anterioribus</span> <span class='ocrx_word' id='word_1_110' title='bbox 836 1891 988 1976; x_wconf 90' lang='lat' dir='ltr'>prehenso</span> <span class='ocrx_word' id='word_1_111' title='bbox 1018 1890 1168 1977; x_wconf 90' lang='lat' dir='ltr'>pedibus,</span> <span class='ocrx_word' id='word_1_112' title='bbox 1203 1892 1353 1957; x_wconf 85' lang='lat' dir='ltr'>acerrime</span> 
     </span>
     <span class='ocr_line' id='line_1_16' title="bbox 286 1998 1352 2084; baseline -0.002 -18"><span class='ocrx_word' id='word_1_113' title='bbox 286 2022 320 2068; x_wconf 85' lang='lat' dir='ltr'>ac</span> <span class='ocrx_word' id='word_1_114' title='bbox 343 2001 435 2067; x_wconf 88' lang='lat' dir='ltr'>veluti</span> <span class='ocrx_word' id='word_1_115' title='bbox 458 2001 603 2067; x_wconf 87' lang='lat' dir='ltr'>consertis</span> <span class='ocrx_word' id='word_1_116' title='bbox 626 2000 766 2066; x_wconf 92' lang='lat' dir='ltr'>manibus</span> <span class='ocrx_word' id='word_1_117' title='bbox 789 1998 960 2084; x_wconf 82' lang='lat' dir='ltr'>magisterio</span> <span class='ocrx_word' id='word_1_118' title='bbox 980 2006 1160 2074; x_wconf 85' lang='lat' dir='ltr'>concertant,</span> <span class='ocrx_word' id='word_1_119' title='bbox 1173 1998 1289 2083; x_wconf 89' lang='lat' dir='ltr'>quique</span> <span class='ocrx_word' id='word_1_120' title='bbox 1304 2018 1352 2064; x_wconf 83' lang='lat' dir='ltr'>ca·</span> 
     </span>
     <span class='ocr_line' id='line_1_17' title="bbox 287 2101 1353 2188; baseline -0.002 -18"><span class='ocrx_word' id='word_1_121' title='bbox 287 2106 377 2170; x_wconf 93' lang='lat' dir='ltr'>nibus</span> <span class='ocrx_word' id='word_1_122' title='bbox 407 2104 588 2182; x_wconf 90' lang='lat' dir='ltr'>insidentes,</span> <span class='ocrx_word' id='word_1_123' title='bbox 613 2103 700 2179; x_wconf 91' lang='lat' dir='ltr'>luste,</span> <span class='ocrx_word' id='word_1_124' title='bbox 732 2103 818 2188; x_wconf 86' lang='lat' dir='ltr'>quasi</span> <span class='ocrx_word' id='word_1_125' title='bbox 848 2103 968 2168; x_wconf 92' lang='lat' dir='ltr'>militari</span> <span class='ocrx_word' id='word_1_126' title='bbox 1002 2101 1085 2167; x_wconf 90' lang='lat' dir='ltr'>basta</span> <span class='ocrx_word' id='word_1_127' title='bbox 1120 2101 1288 2168; x_wconf 88' lang='lat' dir='ltr'>decurrunt</span> <span class='ocrx_word' id='word_1_128' title='bbox 1320 2105 1353 2168; x_wconf 93' lang='lat' dir='ltr'>in</span> 
     </span>
     <span class='ocr_line' id='line_1_18' title="bbox 286 2206 1352 2292; baseline 0 -18"><span class='ocrx_word' id='word_1_129' title='bbox 286 2209 414 2274; x_wconf 91' lang='lat' dir='ltr'>hostem.</span> <span class='ocrx_word' id='word_1_130' title='bbox 438 2207 487 2272; x_wconf 80' lang='lat' dir='ltr'>bd</span> <span class='ocrx_word' id='word_1_131' title='bbox 510 2207 628 2273; x_wconf 87' lang='lat' dir='ltr'>fistulae</span> <span class='ocrx_word' id='word_1_132' title='bbox 648 2225 767 2283; x_wconf 88' lang='lat' dir='ltr'>sonum,</span> <span class='ocrx_word' id='word_1_133' title='bbox 784 2207 947 2292; x_wconf 92' lang='lat' dir='ltr'>composito</span> <span class='ocrx_word' id='word_1_134' title='bbox 964 2225 1098 2291; x_wconf 80' lang='lat' dir='ltr'>egressu,</span> <span class='ocrx_word' id='word_1_135' title='bbox 1116 2206 1244 2273; x_wconf 93' lang='lat' dir='ltr'>cborum</span> <span class='ocrx_word' id='word_1_136' title='bbox 1260 2209 1352 2274; x_wconf 88' lang='lat' dir='ltr'>simul</span> 
     </span>
     <span class='ocr_line' id='line_1_19' title="bbox 286 2311 1351 2398; baseline -0.001 -19"><span class='ocrx_word' id='word_1_137' title='bbox 286 2311 402 2380; x_wconf 92' lang='lat' dir='ltr'>ducunt</span> <span class='ocrx_word' id='word_1_138' title='bbox 423 2321 554 2379; x_wconf 84' lang='lat' dir='ltr'>ovantes.</span> <span class='ocrx_word' id='word_1_139' title='bbox 577 2311 716 2396; x_wconf 89' lang='lat' dir='ltr'>Denique</span> <span class='ocrx_word' id='word_1_140' title='bbox 740 2319 782 2376; x_wconf 92' lang='lat' dir='ltr'>tot</span> <span class='ocrx_word' id='word_1_141' title='bbox 803 2311 1059 2396; x_wconf 80' lang='lat' dir='ltr'>gesticulationum</span> <span class='ocrx_word' id='word_1_142' title='bbox 1084 2320 1228 2390; x_wconf 89' lang='lat' dir='ltr'>actuum,</span> <span class='ocrx_word' id='word_1_143' title='bbox 1261 2314 1351 2398; x_wconf 67' lang='lat' dir='ltr'>aptis</span> 
     </span>
    </p>
   </div>
   <div class='ocr_carea' id='block_1_3' title="bbox 183 2418 1456 2504">
    <p class='ocr_par' dir='ltr' id='par_1_3' title="bbox 183 2418 1456 2504">
     <span class='ocr_line' id='line_1_20' title="bbox 183 2418 1456 2504; baseline -0.001 -19"><span class='ocrx_word' id='word_1_144' title='bbox 183 2451 188 2463; x_wconf 86' lang='lat'><strong>·</strong></span> <span class='ocrx_word' id='word_1_145' title='bbox 286 2420 384 2498; x_wconf 90' lang='lat' dir='ltr'>sime,</span> <span class='ocrx_word' id='word_1_146' title='bbox 416 2418 640 2504; x_wconf 91' lang='lat' dir='ltr'>bellissimeque</span> <span class='ocrx_word' id='word_1_147' title='bbox 671 2426 852 2501; x_wconf 88' lang='lat' dir='ltr'>praemunt,</span> <span class='ocrx_word' id='word_1_148' title='bbox 884 2427 917 2484; x_wconf 91' lang='lat' dir='ltr'>ut</span> <span class='ocrx_word' id='word_1_149' title='bbox 940 2427 970 2484; x_wconf 92' lang='lat' dir='ltr'>et</span> <span class='ocrx_word' id='word_1_150' title='bbox 992 2418 1111 2484; x_wconf 90' lang='lat' dir='ltr'>dicendi</span> <span class='ocrx_word' id='word_1_151' title='bbox 1134 2437 1185 2484; x_wconf 89' lang='lat' dir='ltr'>me</span> <span class='ocrx_word' id='word_1_152' title='bbox 1209 2418 1354 2484; x_wconf 88' lang='lat' dir='ltr'>deficeret</span> <span class='ocrx_word' id='word_1_153' title='bbox 1450 2446 1456 2460; x_wconf 93' lang='lat'><strong>·</strong></span> 
     </span>
    </p>
   </div>
   <div class='ocr_carea' id='block_1_4' title="bbox 284 2523 1356 3462">
    <p class='ocr_par' dir='ltr' id='par_1_4' title="bbox 284 2523 1356 3462">
     <span class='ocr_line' id='line_1_21' title="bbox 286 2523 1353 2612; baseline -0.002 -20"><span class='ocrx_word' id='word_1_154' title='bbox 286 2533 416 2612; x_wconf 90' lang='lat' dir='ltr'>tempus,</span> <span class='ocrx_word' id='word_1_155' title='bbox 434 2535 463 2592; x_wconf 92' lang='lat' dir='ltr'>et</span> <span class='ocrx_word' id='word_1_156' title='bbox 478 2525 640 2592; x_wconf 87' lang='lat' dir='ltr'>humanam</span> <span class='ocrx_word' id='word_1_157' title='bbox 656 2523 800 2609; x_wconf 87' lang='lat' dir='ltr'>prolecto,</span> <span class='ocrx_word' id='word_1_158' title='bbox 816 2544 875 2590; x_wconf 95' lang='lat' dir='ltr'>non</span> <span class='ocrx_word' id='word_1_159' title='bbox 891 2524 1050 2602; x_wconf 90' lang='lat' dir='ltr'>brutalem,</span> <span class='ocrx_word' id='word_1_160' title='bbox 1067 2524 1224 2591; x_wconf 88' lang='lat' dir='ltr'>videantur</span> <span class='ocrx_word' id='word_1_161' title='bbox 1240 2525 1353 2591; x_wconf 90' lang='lat' dir='ltr'>babere</span> 
     </span>
     <span class='ocr_line' id='line_1_22' title="bbox 285 2629 1354 2718; baseline -0.002 -20"><span class='ocrx_word' id='word_1_162' title='bbox 285 2631 487 2718; x_wconf 89' lang='lat' dir='ltr'>prudentiam.</span> <span class='ocrx_word' id='word_1_163' title='bbox 511 2633 575 2711; x_wconf 88' lang='lat' dir='ltr'>Qua</span> <span class='ocrx_word' id='word_1_164' title='bbox 598 2640 721 2696; x_wconf 89' lang='lat' dir='ltr'>etcum</span> <span class='ocrx_word' id='word_1_165' title='bbox 744 2629 946 2715; x_wconf 85' lang='lat' dir='ltr'>spectantibus</span> <span class='ocrx_word' id='word_1_166' title='bbox 969 2651 1024 2697; x_wconf 87' lang='lat' dir='ltr'>suo</span> <span class='ocrx_word' id='word_1_167' title='bbox 1048 2631 1121 2697; x_wconf 92' lang='lat' dir='ltr'>ludo</span> <span class='ocrx_word' id='word_1_168' title='bbox 1144 2630 1258 2697; x_wconf 87' lang='lat' dir='ltr'>luerint</span> <span class='ocrx_word' id='word_1_169' title='bbox 1281 2631 1354 2698; x_wconf 80' lang='lat' dir='ltr'>sola·</span> 
     </span>
     <span class='ocr_line' id='line_1_23' title="bbox 284 2737 1352 2822; baseline 0 -18"><span class='ocrx_word' id='word_1_170' title='bbox 284 2738 336 2816; x_wconf 92' lang='lat' dir='ltr'>tio,</span> <span class='ocrx_word' id='word_1_171' title='bbox 352 2737 479 2804; x_wconf 91' lang='lat' dir='ltr'>demum</span> <span class='ocrx_word' id='word_1_172' title='bbox 502 2757 518 2802; x_wconf 99' lang='grc'>3</span> <span class='ocrx_word' id='word_1_173' title='bbox 541 2737 656 2803; x_wconf 90' lang='lat' dir='ltr'>cunctis</span> <span class='ocrx_word' id='word_1_174' title='bbox 678 2737 709 2801; x_wconf 95' lang='lat' dir='ltr'>in</span> <span class='ocrx_word' id='word_1_175' title='bbox 733 2737 892 2822; x_wconf 88' lang='lat' dir='ltr'>spectaculi</span> <span class='ocrx_word' id='word_1_176' title='bbox 909 2757 1016 2804; x_wconf 93' lang='lat' dir='ltr'>corona</span> <span class='ocrx_word' id='word_1_177' title='bbox 1032 2738 1265 2804; x_wconf 91' lang='lat' dir='ltr'>consistentibus</span> <span class='ocrx_word' id='word_1_178' title='bbox 1281 2739 1352 2805; x_wconf 87' lang='lat' dir='ltr'>viri-</span> 
     </span>
     <span class='ocr_line' id='line_1_24' title="bbox 285 2842 1356 2930; baseline 0.002 -22"><span class='ocrx_word' id='word_1_179' title='bbox 285 2845 340 2908; x_wconf 93' lang='lat' dir='ltr'>tim</span> <span class='ocrx_word' id='word_1_180' title='bbox 363 2844 490 2928; x_wconf 91' lang='lat' dir='ltr'>stipem,</span> <span class='ocrx_word' id='word_1_181' title='bbox 515 2863 571 2927; x_wconf 97' lang='lat' dir='ltr'>pro</span> <span class='ocrx_word' id='word_1_182' title='bbox 594 2842 719 2920; x_wconf 87' lang='lat' dir='ltr'>labore,</span> <span class='ocrx_word' id='word_1_183' title='bbox 744 2851 818 2908; x_wconf 94' lang='lat' dir='ltr'>nutu</span> <span class='ocrx_word' id='word_1_184' title='bbox 853 2852 943 2928; x_wconf 89' lang='lat' dir='ltr'>atque</span> <span class='ocrx_word' id='word_1_185' title='bbox 977 2844 1069 2930; x_wconf 82' lang='lat' dir='ltr'>signis</span> <span class='ocrx_word' id='word_1_186' title='bbox 1102 2854 1269 2929; x_wconf 85' lang='lat' dir='ltr'>expetunt,</span> <span class='ocrx_word' id='word_1_187' title='bbox 1304 2864 1356 2910; x_wconf 78' lang='lat' dir='ltr'>ac·</span> 
     </span>
     <span class='ocr_line' id='line_1_25' title="bbox 284 2949 1353 3038; baseline 0.004 -25"><span class='ocrx_word' id='word_1_188' title='bbox 284 2955 432 3033; x_wconf 83' lang='lat' dir='ltr'>septaque</span> <span class='ocrx_word' id='word_1_189' title='bbox 455 2949 598 3033; x_wconf 84' lang='lat' dir='ltr'>magistro</span> <span class='ocrx_word' id='word_1_190' title='bbox 628 2949 758 3018; x_wconf 88' lang='lat' dir='ltr'>allerunt</span> <span class='ocrx_word' id='word_1_191' title='bbox 788 2971 852 3015; x_wconf 90' lang='lat' dir='ltr'>ore.</span> <span class='ocrx_word' id='word_1_192' title='bbox 883 2951 981 3029; x_wconf 89' lang='lat' dir='ltr'>Quam</span> <span class='ocrx_word' id='word_1_193' title='bbox 1012 2951 1037 3017; x_wconf 89' lang='lat' dir='ltr'>si</span> <span class='ocrx_word' id='word_1_194' title='bbox 1068 2963 1176 3018; x_wconf 89' lang='lat' dir='ltr'>eorum</span> <span class='ocrx_word' id='word_1_195' title='bbox 1199 2951 1353 3038; x_wconf 88' lang='lat' dir='ltr'>quispiam</span> 
     </span>
     <span class='ocr_line' id='line_1_26' title="bbox 285 3051 1353 3142; baseline 0.003 -25"><span class='ocrx_word' id='word_1_196' title='bbox 285 3051 358 3117; x_wconf 89' lang='lat' dir='ltr'>dare</span> <span class='ocrx_word' id='word_1_197' title='bbox 381 3051 610 3142; x_wconf 83' lang='lat' dir='ltr'>detrectaverit,</span> <span class='ocrx_word' id='word_1_198' title='bbox 643 3053 673 3118; x_wconf 95' lang='lat' dir='ltr'>in</span> <span class='ocrx_word' id='word_1_199' title='bbox 697 3073 768 3118; x_wconf 89' lang='lat' dir='ltr'>sum</span> <span class='ocrx_word' id='word_1_200' title='bbox 791 3055 933 3120; x_wconf 92' lang='lat' dir='ltr'>continuo</span> <span class='ocrx_word' id='word_1_201' title='bbox 963 3055 1104 3121; x_wconf 91' lang='lat' dir='ltr'>dentibus</span> <span class='ocrx_word' id='word_1_202' title='bbox 1135 3055 1353 3141; x_wconf 81' lang='lat' dir='ltr'>unguibusque</span> 
     </span>
     <span class='ocr_line' id='line_1_27' title="bbox 284 3157 1352 3247; baseline 0.005 -24"><span class='ocrx_word' id='word_1_203' title='bbox 284 3157 423 3223; x_wconf 81' lang='lat' dir='ltr'>cllaerate</span> <span class='ocrx_word' id='word_1_204' title='bbox 447 3157 614 3234; x_wconf 87' lang='lat' dir='ltr'>deseviunt,</span> <span class='ocrx_word' id='word_1_205' title='bbox 640 3159 736 3226; x_wconf 91' lang='lat' dir='ltr'>donec</span> <span class='ocrx_word' id='word_1_206' title='bbox 757 3161 904 3227; x_wconf 91' lang='lat' dir='ltr'>acunctis</span> <span class='ocrx_word' id='word_1_207' title='bbox 928 3162 1036 3247; x_wconf 89' lang='lat' dir='ltr'>stipem</span> <span class='ocrx_word' id='word_1_208' title='bbox 1061 3162 1241 3247; x_wconf 89' lang='lat' dir='ltr'>receperint.</span> <span class='ocrx_word' id='word_1_209' title='bbox 1267 3162 1352 3228; x_wconf 81' lang='lat' dir='ltr'>Alio-</span> 
     </span>
     <span class='ocr_line' id='line_1_28' title="bbox 285 3261 1352 3354; baseline 0.004 -25"><span class='ocrx_word' id='word_1_210' title='bbox 285 3281 356 3329; x_wconf 94' lang='lat' dir='ltr'>rum</span> <span class='ocrx_word' id='word_1_211' title='bbox 379 3271 479 3327; x_wconf 89' lang='lat' dir='ltr'>autem</span> <span class='ocrx_word' id='word_1_212' title='bbox 503 3261 664 3328; x_wconf 91' lang='lat' dir='ltr'>brutorum</span> <span class='ocrx_word' id='word_1_213' title='bbox 687 3284 747 3329; x_wconf 94' lang='lat' dir='ltr'>non</span> <span class='ocrx_word' id='word_1_214' title='bbox 771 3274 830 3331; x_wconf 90' lang='lat' dir='ltr'>tam</span> <span class='ocrx_word' id='word_1_215' title='bbox 846 3285 948 3331; x_wconf 89' lang='lat' dir='ltr'>mores</span> <span class='ocrx_word' id='word_1_216' title='bbox 964 3277 994 3332; x_wconf 93' lang='lat' dir='ltr'>et</span> <span class='ocrx_word' id='word_1_217' title='bbox 1009 3267 1218 3345; x_wconf 90' lang='lat' dir='ltr'>institutiones,</span> <span class='ocrx_word' id='word_1_218' title='bbox 1239 3268 1352 3354; x_wconf 88' lang='lat' dir='ltr'>quibus</span> 
     </span>
     <span class='ocr_line' id='line_1_29' title="bbox 285 3369 1351 3462; baseline 0.006 -27"><span class='ocrx_word' id='word_1_219' title='bbox 285 3390 301 3435; x_wconf 93' lang='lat' dir='ltr'>a</span> <span class='ocrx_word' id='word_1_220' title='bbox 325 3369 481 3436; x_wconf 90' lang='lat' dir='ltr'>Saracenis</span> <span class='ocrx_word' id='word_1_221' title='bbox 504 3369 692 3448; x_wconf 88' lang='lat' dir='ltr'>imbuuntur,</span> <span class='ocrx_word' id='word_1_222' title='bbox 710 3392 725 3436; x_wconf 93' lang='grc'>3</span> <span class='ocrx_word' id='word_1_223' title='bbox 742 3372 828 3438; x_wconf 92' lang='lat' dir='ltr'>nobis</span> <span class='ocrx_word' id='word_1_224' title='bbox 852 3373 989 3439; x_wconf 92' lang='lat' dir='ltr'>edicendi</span> <span class='ocrx_word' id='word_1_225' title='bbox 1012 3384 1091 3452; x_wconf 89' lang='lat' dir='ltr'>sunt,</span> <span class='ocrx_word' id='word_1_226' title='bbox 1116 3394 1249 3462; x_wconf 88' lang='lat' dir='ltr'>quorum</span> <span class='ocrx_word' id='word_1_227' title='bbox 1273 3376 1351 3442; x_wconf 89' lang='lat' dir='ltr'>colo·</span> 
     </span>
    </p>
   </div>
   <div class='ocr_carea' id='block_1_5' title="bbox 284 3475 1354 3670">
    <p class='ocr_par' dir='ltr' id='par_1_5' title="bbox 284 3475 1354 3670">
     <span class='ocr_line' id='line_1_30' title="bbox 284 3475 1353 3566; baseline 0.007 -25"><span class='ocrx_word' id='word_1_228' title='bbox 284 3495 355 3552; x_wconf 91' lang='lat' dir='ltr'>res,</span> <span class='ocrx_word' id='word_1_229' title='bbox 387 3493 520 3560; x_wconf 90' lang='lat' dir='ltr'>quorum</span> <span class='ocrx_word' id='word_1_230' title='bbox 545 3475 699 3542; x_wconf 87' lang='lat' dir='ltr'>varietates</span> <span class='ocrx_word' id='word_1_231' title='bbox 721 3499 737 3542; x_wconf 92' lang='grc'>3</span> <span class='ocrx_word' id='word_1_232' title='bbox 761 3487 867 3544; x_wconf 90' lang='lat' dir='ltr'>natura</span> <span class='ocrx_word' id='word_1_233' title='bbox 889 3479 1035 3566; x_wconf 90' lang='lat' dir='ltr'>majorem</span> <span class='ocrx_word' id='word_1_234' title='bbox 1058 3481 1089 3546; x_wconf 95' lang='lat' dir='ltr'>in</span> <span class='ocrx_word' id='word_1_235' title='bbox 1112 3481 1238 3548; x_wconf 94' lang='lat' dir='ltr'>modum</span> <span class='ocrx_word' id='word_1_236' title='bbox 1262 3482 1353 3548; x_wconf 89' lang='lat' dir='ltr'>deco·</span> 
     </span>
     <span class='ocr_line' id='line_1_31' title="bbox 284 3580 1354 3670; baseline 0.006 -25"><span class='ocrx_word' id='word_1_237' title='bbox 284 3588 410 3656; x_wconf 85' lang='lat' dir='ltr'>rantur,</span> <span class='ocrx_word' id='word_1_238' title='bbox 435 3580 612 3664; x_wconf 89' lang='lat' dir='ltr'>praesertim</span> <span class='ocrx_word' id='word_1_239' title='bbox 636 3581 738 3646; x_wconf 92' lang='lat' dir='ltr'>leones</span> <span class='ocrx_word' id='word_1_240' title='bbox 761 3592 791 3647; x_wconf 90' lang='lat' dir='ltr'>et</span> <span class='ocrx_word' id='word_1_241' title='bbox 813 3583 886 3648; x_wconf 93' lang='lat' dir='ltr'>asini</span> <span class='ocrx_word' id='word_1_242' title='bbox 910 3583 1021 3661; x_wconf 86' lang='lat' dir='ltr'>indici,</span> <span class='ocrx_word' id='word_1_243' title='bbox 1052 3604 1129 3670; x_wconf 92' lang='lat' dir='ltr'>quos</span> <span class='ocrx_word' id='word_1_244' title='bbox 1152 3586 1278 3670; x_wconf 90' lang='lat' dir='ltr'>pellium</span> <span class='ocrx_word' id='word_1_245' title='bbox 1300 3595 1354 3651; x_wconf 84' lang='lat' dir='ltr'>eut</span> 
     </span>
    </p>
   </div>
   <div class='ocr_carea' id='block_1_6' title="bbox 283 3686 1352 3882">
    <p class='ocr_par' dir='ltr' id='par_1_6' title="bbox 283 3686 1352 3882">
     <span class='ocr_line' id='line_1_32' title="bbox 283 3686 1352 3778; baseline 0.007 -29"><span class='ocrx_word' id='word_1_246' title='bbox 283 3686 426 3770; x_wconf 93' lang='lat' dir='ltr'>pilorum,</span> <span class='ocrx_word' id='word_1_247' title='bbox 450 3686 525 3750; x_wconf 91' lang='lat' dir='ltr'>mira</span> <span class='ocrx_word' id='word_1_248' title='bbox 550 3696 583 3751; x_wconf 94' lang='lat' dir='ltr'>ut</span> <span class='ocrx_word' id='word_1_249' title='bbox 606 3686 644 3752; x_wconf 87' lang='lat' dir='ltr'>ito</span> <span class='ocrx_word' id='word_1_250' title='bbox 667 3687 808 3764; x_wconf 79' lang='lat' dir='ltr'>dixerim,</span> <span class='ocrx_word' id='word_1_251' title='bbox 826 3689 940 3774; x_wconf 88' lang='lat' dir='ltr'>pictura</span> <span class='ocrx_word' id='word_1_252' title='bbox 965 3699 1040 3756; x_wconf 92' lang='lat' dir='ltr'>totos</span> <span class='ocrx_word' id='word_1_253' title='bbox 1063 3700 1197 3768; x_wconf 87' lang='lat' dir='ltr'>exornat,</span> <span class='ocrx_word' id='word_1_254' title='bbox 1222 3711 1281 3778; x_wconf 91' lang='lat' dir='ltr'>qua</span> <span class='ocrx_word' id='word_1_255' title='bbox 1304 3692 1352 3756; x_wconf 90' lang='lat' dir='ltr'>ni·</span> 
     </span>
     <span class='ocr_line' id='line_1_33' title="bbox 284 3789 1351 3882; baseline 0.008 -29"><span class='ocrx_word' id='word_1_256' title='bbox 284 3789 399 3854; x_wconf 91' lang='lat' dir='ltr'>mirum</span> <span class='ocrx_word' id='word_1_257' title='bbox 429 3790 524 3856; x_wconf 85' lang='lat' dir='ltr'>textili</span> <span class='ocrx_word' id='word_1_258' title='bbox 555 3794 686 3878; x_wconf 84' lang='lat' dir='ltr'>stragulo</span> <span class='ocrx_word' id='word_1_259' title='bbox 717 3794 887 3860; x_wconf 92' lang='lat' dir='ltr'>simillimos</span> <span class='ocrx_word' id='word_1_260' title='bbox 918 3815 984 3862; x_wconf 90' lang='lat' dir='ltr'>esse</span> <span class='ocrx_word' id='word_1_261' title='bbox 1015 3797 1152 3882; x_wconf 86' lang='lat' dir='ltr'>paenitus</span> <span class='ocrx_word' id='word_1_262' title='bbox 1186 3798 1351 3862; x_wconf 86' lang='lat' dir='ltr'>existimes.</span> 
     </span>
    </p>
   </div>
   <div class='ocr_carea' id='block_1_7' title="bbox 284 3895 1353 3992">
    <p class='ocr_par' dir='ltr' id='par_1_7' title="bbox 284 3895 1353 3992">
     <span class='ocr_line' id='line_1_34' title="bbox 284 3895 1353 3992; baseline 0.016 -33"><span class='ocrx_word' id='word_1_263' title='bbox 284 3895 497 3980; x_wconf 86' lang='lat' dir='ltr'>Elephantium</span> <span class='ocrx_word' id='word_1_264' title='bbox 522 3919 592 3964; x_wconf 90' lang='lat' dir='ltr'>vcro</span> <span class='ocrx_word' id='word_1_265' title='bbox 618 3911 727 3968; x_wconf 86' lang='lat' dir='ltr'>vastam</span> <span class='ocrx_word' id='word_1_266' title='bbox 751 3912 781 3969; x_wconf 93' lang='lat' dir='ltr'>et</span> <span class='ocrx_word' id='word_1_267' title='bbox 803 3904 1041 3988; x_wconf 85' lang='lat' dir='ltr'>magnitudinem</span> <span class='ocrx_word' id='word_1_268' title='bbox 1064 3914 1095 3971; x_wconf 90' lang='lat' dir='ltr'>et</span> <span class='ocrx_word' id='word_1_269' title='bbox 1118 3905 1257 3992; x_wconf 84' lang='lat' dir='ltr'>figuram,</span> <span class='ocrx_word' id='word_1_270' title='bbox 1281 3905 1353 3976; x_wconf 82' lang='lat' dir='ltr'>satis</span> 
     </span>
    </p>
   </div>
   <div class='ocr_carea' id='block_1_8' title="bbox 0 0 1490 4730">
    <p class='ocr_par' dir='ltr' id='par_1_8' title="bbox 0 0 1490 4730">
     <span class='ocr_line' id='line_1_35' title="bbox 0 0 1490 4730; baseline 0 0"><span class='ocrx_word' id='word_1_271' title='bbox 0 0 1490 4730; x_wconf 95' lang='lat' dir='ltr'> </span> 
     </span>
    </p>
   </div>
  </div>
 </body>
</html>
