2970 4730
707 323 883 391 ..130-

264 501 383 587 cipitate
413 499 670 584 tumultuarieque
699 499 777 566 effici
807 517 930 565 necesse
960 499 1015 566 est.
1038 499 1144 566 Enixis
1173 501 1330 587 siquidem¹

264 607 379 674 viribus
401 616 491 692 atque
514 605 641 683 lacertis,
664 605 762 690 agitur
784 605 962 672 soldanatus
995 605 1110 672 electio.
1133 607 1192 685 Qui
1214 615 1335 694 nempe

263 711 366 788 armis,
389 721 420 777 et
444 709 591 796 potentia,
615 709 786 794 malitiaque
808 709 994 794 praevalent,
1025 709 1079 794 qui
1101 708 1192 775 inerit
1218 716 1328 776 nume·

263 817 371 885 rosiori
392 817 525 882 militum
546 814 665 902 agmine
687 814 923 898 circumseptus,
953 813 1007 900 qui
1036 812 1143 900 majori
1164 816 1329 882 satellitum

261 943 355 992 manu
387 923 564 999 comitatus,
594 922 648 1006 qui
678 921 747 1005 plus
777 920 930 987 securium
961 927 992 986 et
1019 920 1187 1006 gladiorum
1204 930 1332 988 terrore

262 1029 431 1104 subnixus,
463 1027 515 1112 qui
546 1025 686 1110 pluribus
715 1024 968 1109 concrepantibus
991 1023 1141 1110 tympanis
1171 1025 1203 1094 in
1233 1026 1336 1092 altum·

262 1151 465 1221 prerumpere
487 1131 617 1216 poterit,
641 1131 668 1196 is
690 1129 823 1215 prolecto
844 1130 883 1196 ad
906 1149 1062 1196 summum
1084 1129 1242 1215 fastigium·
1269 1130 1335 1197 im··

261 1238 340 1326 perii
362 1237 559 1324 provehitur,
582 1245 612 1302 et
634 1235 783 1322 Aegypti,
814 1245 845 1306 et
866 1236 992 1321 Syriae,
1016 1235 1205 1320 Arabiaeque
1234 1255 1337 1322 quam

262 1361 369 1428 magna
394 1340 545 1426 imperitat
560 1339 697 1406 dictione.
721 1341 804 1418 Quae
826 1339 952 1425 quidem
972 1339 1055 1424 ¹regia
1076 1340 1239 1425 provectio,
1255 1358 1329 1406 oum

261 1447 358 1516 saeris
381 1446 558 1514 lectionibus
582 1445 717 1531 agitemr,
741 1443 888 1510 nimirum
910 1454 942 1510 et
961 1443 1079 1510 cladem
1099 1445 1248 1531 aliquam,
1271 1445 1328 1512 ho-

262 1555 445 1638 minumque
469 1561 622 1637 stragem,
655 1569 876 1636 saepenumero
899 1547 1085 1615 intercedere
1107 1569 1218 1635 operae
1238 1569 1335 1636 praet.

261 1660 340 1726 dum
364 1667 419 1724 est.
442 1657 492 1725 Ad
515 1676 607 1744 quam
629 1655 762 1742 proiecto
784 1655 941 1722 sublimari
963 1654 1127 1720 neminem,
1139 1673 1229 1740 posse
1248 1655 1339 1732 irre-q

263 1763 398 1850 fragahili
423 1783 549 1828 sanxere
579 1761 719 1838 decreto,
750 1760 808 1826 nisi
839 1760 931 1826 luerit
959 1760 985 1825 is
1015 1779 1121 1827 servus
1150 1760 1307 1845 emptitius
1318 1809 1336 1839 ,.

262 1866 349 1954 cujus
383 1866 427 1933 vis
464 1865 536 1931 fidei
566 1866 614 1932 vel
644 1863 812 1950 perfidiae,
848 1863 947 1948 gladio
977 1871 1008 1930 et
1044 1862 1225 1930 omnimodis
1255 1865 1330 1930 viri·

262 1970 321 2039 bus
343 1971 588 2042 Mahnmetauam
617 1982 731 2040 artetur
761 1973 949 2058 religionem.
982 1972 1202 2058 Quadringenti
1228 1973 1339 2039 iernen:

263 2088 294 2144 et
314 2079 528 2163 qninquaginta
550 2080 620 2146 anui
642 2079 739 2146 exacti
761 2087 854 2156 sunt,
890 2078 1002 2165 quibus
1024 2077 1162 2147 Arabum
1184 2079 1293 2164 regem
1311 2099 1337 2146 a.

265 2183 360 2250 servis
376 2183 440 2248 suis
456 2182 611 2261 trucidato,
628 2184 709 2249 servi
723 2184 946 2268 praedictarum
962 2184 1185 2270 provinciarum
1200 2189 1340 2270 regnum·

263 2287 385 2354 sibimet
406 2288 573 2374 arripuere,
596 2287 743 2374 praelatas
765 2298 833 2374 post
855 2289 983 2356 modum
1005 2291 1087 2375 leges
1109 2291 1196 2356 iuter
1213 2289 1339 2375 seipsos:

263 2394 477 2462 constituentes
506 2393 564 2481 (l).
595 2395 659 2462 Sed
690 2396 834 2482 inquam:
858 2396 907 2464 ul
929 2416 1030 2463 mores
1053 2397 1206 2482 insignes,
1236 2405 1338 2481 prae·

264 2499 442 2566 stantissima
477 2499 705 2569 liahumetanae
739 2510 835 2567 sectae
866 2498 1006 2567 decretal
1038 2501 1155 2580 Quibus
1183 2500 1331 2566 aduersus

264 2603 313 2670 dei
334 2605 417 2680 scita,
441 2613 471 2672 et
493 2604 588 2690 ipsius
600 2605 742 2681 instituta,
766 2613 910 2671 statutum
932 2614 987 2683 est,
1012 2623 1136 2678 seruum
1158 2605 1335 2690 emptitium

264 2709 375 2776 debere
397 2711 522 2776 caeteris
545 2711 700 2796 praeferri.
719 2710 882 2779 Caeterum
905 2710 996 2776 utde
1020 2710 1133 2779 Mauris
1161 2729 1333 2795 eorumque

267 2815 455 2899 principibus
478 2816 537 2882 iam
559 2815 679 2883 dicendi
701 2815 795 2882 iinem
818 2816 933 2893 tactam,
957 2817 1157 2902 perstringam
1179 2814 1343 2892 breviter,

264 2937 326 3004 quo
358 2919 471 3004 passim
494 2929 524 2984 et
546 2919 726 2988 multiformi
757 2940 869 3005 genere
899 2919 1062 3006 peccandi,
1094 2919 1221 3005 flagrent
1248 2919 1340 3004 apud·

264 3023 321 3094 hos
342 3023 456 3110 ubique
478 3025 593 3092 delicta,
623 3025 787 3092 Exordium
816 3035 918 3092 autem
947 3047 964 3091 a
994 3024 1196 3112 primoribus·
1213 3026 1346 3092 Omnes:

264 3130 317 3215 qui
339 3130 560 3216 magistratibus
583 3131 712 3217 iungunt
725 3141 756 3198 et
772 3151 821 3198 res
838 3131 993 3217 pubblicas
1016 3130 1235 3209 administrant,
1252 3149 1342 3217 quo·-

266 3255 405 3322 rumque
422 3236 532 3303 tutelae
553 3245 585 3302 et
606 3237 808 3322 procurationi
830 3237 1008 3304 commissae
1027 3245 1110 3314 sunt,
1128 3237 1181 3303 ’sic
1202 3236 1265 3304 illas
1288 3245 1347 3303 tua

265 3350 346 3432 tant,
356 3342 402 3426 sic
425 3341 484 3408 illis
506 3343 667 3410 consulunt
688 3351 722 3409 nt
743 3343 886 3410 omuibus
902 3363 1008 3410 earum
1022 3343 1346 3431 commodisprcrsus·

267 3447 371 3526 obliti,
395 3447 495 3514 omnia
530 3447 567 3514 ad
601 3448 758 3536 propriam
781 3449 988 3536 privatamque
1011 3449 1142 3516 referant
1162 3448 1337 3516 utilitatem.

274 3611 490 3630 m

336 3687 376 3760 (l)
394 3687 569 3747 Abdui-Aaia
585 3689 658 3747 atel
678 3697 745 3748 stote
765 3691 904 3763 calcidam,
917 3691 1013 3751 liurad
1029 3691 1078 3750 elre
1090 3693 1119 3752 iu
1130 3692 1223 3766 poaoia
1239 3692 1339 3774 sletto,

268 3774 397 3846 sataliam
417 3793 432 3833 e
450 3785 543 3835 mnuto
560 3794 609 3851 per
632 3794 733 3852 paam,
756 3795 880 3852 proram
904 3779 955 3838 ohe
981 3781 1066 3841 anolra
1092 3781 1120 3840 ei
1145 3781 1231 3842 nostri
1249 3781 1341 3856 giomi

273 3863 435 3930 melarione
453 3865 495 3927 dei
515 3866 620 3925 Sulteni
639 3867 751 3941 procede
769 3883 844 3927 come
861 3868 905 3928 uel
923 3869 1001 3928 1478.
