2932 4728
535 341 710 409 ..ab

92 519 243 588 charitatis
266 518 392 584 subnixa
415 516 576 598 radicibus,
600 538 660 586 non
684 507 770 587 faciie
793 520 943 588 oblivione
967 522 1071 600 deleri,
1097 541 1157 590 non

91 628 288 694 diuturnitate
301 626 448 711 temporis
464 625 631 704 intermitti,
644 647 704 694 non
715 627 785 694 uilis
799 637 898 694 terrae
912 630 1041 696 marisve
1053 632 1160 718 spaciis

91 734 236 820 separari,
260 732 464 799 labefactarire
487 753 548 800 non
567 743 675 818 potest.
702 735 742 800 Se
766 754 801 800 ea
823 754 949 820 prorsus
971 738 1084 803 amoris
1100 738 1161 804 rin·

91 841 169 906 culis
184 840 302 925 illigata,
314 840 433 924 copulat
447 840 555 926 iugiter
567 860 644 926 quos
655 841 792 906 locorum
806 840 962 907 diversitas
977 841 1159 927 sejunxerat.

92 947 130 1012 Et
153 946 215 1030 agit
236 945 353 1030 spiritu,
375 943 458 1030 quod
481 964 607 1030 corpore
632 945 737 1030 nequit
760 943 926 1032 efficitque,
949 955 984 1012 ut
1004 947 1161 1014 absentem

91 1052 203 1120 absens
218 1050 317 1118 audiat
333 1049 500 1136 videatque.
524 1052 599 1117 Tam
617 1061 647 1118 et
669 1053 694 1117 si
717 1051 746 1117 id
764 1053 802 1118 sit
825 1052 855 1117 in
879 1052 936 1118 vita
953 1053 1040 1140 longe
1055 1055 1160 1120 incun-

91 1158 162 1224 dius
185 1157 368 1243 gratiusque,
381 1176 414 1221 se
436 1175 537 1222 coram
562 1176 688 1224 cernere
704 1167 735 1222 et
759 1167 864 1224 mutua
887 1177 920 1224 se
942 1160 1161 1227 consuetudine

91 1283 187 1349 quam
209 1261 459 1347 iamigiiarissime
482 1263 535 1339 uti,
549 1263 693 1350 vivasque
719 1263 825 1329 audire
848 1272 878 1329 et
901 1264 1031 1330 reddere
1054 1285 1160 1332 voces:

92 1367 171 1435 mibi
203 1387 296 1446 reno,
326 1367 372 1432 vir
402 1367 664 1448 eminentissime,
697 1378 727 1434 et
757 1370 782 1434 si
808 1369 991 1456 jamdudum
1021 1369 1163 1457 flagitanti

92 1492 277 1560 summaque
299 1475 343 1540 tui
366 1473 573 1541 benevolentia
590 1474 706 1542 devicto
729 1485 809 1541 totus
833 1495 967 1552 oscuras,
992 1493 1048 1561 ego
1070 1495 1162 1562 quam

91 1581 282 1647 creberrime
305 1581 335 1645 in
358 1589 387 1645 te
409 1580 506 1658 ierar,
530 1581 561 1645 in
584 1589 651 1647 tuos
675 1581 886 1667 integerrimos
911 1599 1030 1657 mores,
1055 1580 1162 1648 buma-

92 1688 239 1763 nitatem,
266 1685 481 1762 constantiam,
509 1687 786 1772 longanimitatem,
816 1686 993 1771 parentiam,
1021 1686 1163 1771 pietatem

93 1813 127 1859 ac
149 1791 412 1878 magnitudinem,
436 1792 627 1878 prudentiam
656 1811 753 1877 prope
785 1791 970 1877 singularem
993 1793 1163 1879 etreliqua

94 1899 243 1964 virtutum
266 1897 400 1982 insignia.
424 1899 463 1964 Et
485 1897 567 1984 quod
591 1917 630 1963 ne
648 1897 746 1964 amico
771 1897 874 1964 ridear
897 1896 1022 1974 adulari,
1046 1897 1164 1964 silentio

93 2001 191 2088 magis
212 2001 431 2086 praetereunda
453 2021 572 2079 censeo,
596 2021 718 2068 summo
735 2002 829 2088 magis
845 2010 874 2067 te
889 2001 1021 2067 ridendo
1044 2001 1162 2068 deside·

94 2109 139 2174 rio
164 2128 198 2174 ac
220 2107 294 2173 rivis
316 2108 445 2174 invicem
468 2107 609 2174 sensibus
626 2107 825 2193 pertractandi
848 2107 944 2194 magis
957 2128 992 2174 ac
1014 2107 1108 2194 magis
1132 2108 1163 2174 in

95 2214 162 2279 dies
183 2212 305 2279 afficior.
329 2212 387 2278 Cui
417 2214 486 2279 satis
516 2214 729 2299 cupidissimae
759 2214 903 2281 voluntati
934 2224 968 2281 ut
990 2215 1107 2291 inciam,
1132 2214 1162 2282 id

94 2327 198 2384 tamen
220 2317 295 2383 mibi
317 2328 458 2403 superest
472 2317 623 2403 praesidii,
641 2338 703 2405 quo
718 2328 757 2397 te,
774 2319 914 2386 virorum
930 2319 1171 2397 cristianissime,

95 2423 132 2489 ad
156 2423 214 2488 boc
235 2431 401 2488 sacrosanta
424 2422 640 2508 redemptionis
660 2422 809 2489 humanae
825 2424 890 2489 ioca
912 2423 1033 2490 visenda
1050 2424 1163 2509 pariter

95 2536 126 2593 ct
148 2525 298 2592 adoranda
320 2526 454 2603 invitem,
477 2544 598 2612 rogem,
629 2525 770 2594 obtestor.
797 2528 864 2607 Qua
886 2527 917 2592 in
941 2546 984 2604 re,
1008 2527 1083 2613 quid
1107 2548 1165 2594 nec

96 2631 223 2698 honeste
245 2631 315 2698 satis
336 2641 366 2698 te
388 2631 552 2698 detractare
575 2651 664 2717 posse
680 2631 819 2699 arbitror.
844 2631 925 2698 Cum
952 2631 1080 2700 aethnici
1102 2652 1164 2698 non

95 2735 188 2804 modo
211 2746 242 2803 et
264 2736 443 2822 pubblicani,
466 2736 523 2803 boc
537 2745 583 2802 est
602 2735 691 2802 variis
713 2735 889 2802 haeresibus
904 2734 1043 2802 homines
1058 2736 1158 2823 impli-

97 2843 165 2921 cati,
189 2842 331 2908 exomni
354 2841 652 2918 conduentoriente,
676 2841 765 2926 Syri,
789 2839 931 2928 AEgipti1'3
955 2841 1162 2930 Mesopotamji

97 2951 212 3016 Persa.
236 2948 313 3026 lndi,
337 2948 490 3035 Ethyepes
517 2957 547 3014 et
562 2948 689 3016 aliarum
712 2967 834 3035 quoque
849 2949 986 3036 gentium
1001 2950 1160 3019 innumera

98 3075 186 3141 paene
208 3054 380 3122 multitudo.
404 3057 483 3122 Turn
517 3054 587 3142 quia
623 3064 653 3121 et
674 3064 850 3142 prestantes
873 3057 947 3135 viri,
971 3058 1073 3125 minus
1096 3058 1163 3126 ert-

97 3163 202 3227 stianae
225 3160 397 3248 religionis,
428 3160 592 3248 minusque
618 3156 822 3228 sanctimonie
844 3161 956 3230 habere
979 3184 1012 3230 se
1038 3173 1163 3250 putant,

97 3291 154 3337 nec
176 3269 491 3338 summam.videntur
514 3270 667 3356 accepisse
691 3270 835 3337 virtutem
862 3270 919 3336 uisi
942 3271 972 3336 in
995 3271 1055 3337 iil-is
1078 3271 1168 3336 etiam

99 3409 312 3432 -t——t

59 3503 63 3509 ·
99 3469 167 3528 itm
181 3467 386 3526 Ambasciature
403 3466 439 3525 ad
458 3467 549 3524 Ursum
568 3467 683 3526 Cassan.
701 3468 870 3542 Giorgiccra
881 3483 936 3526 uuo
954 3467 997 3526 dei
1010 3468 1164 3542 Contigiicr

97 3557 155 3615 doti
172 3555 245 3614 datia
263 3556 430 3630 Repubblica
449 3555 617 3614 aCattcrina
629 3557 760 3623 Coruaro,
778 3556 828 3631 piri
844 3561 910 3630 perd
927 3572 976 3632 per
993 3556 1168 3630 surregiiarlc

98 3645 145 3702 ebe
156 3661 206 3718 per
223 3644 242 3700 ii
256 3643 322 3702 bene
333 3644 394 3701 duii'
407 3644 475 3707 isola
487 3644 515 3701 di
533 3644 623 3716 Ciprc.
637 3645 675 3701 ba
689 3645 791 3716 Regina
802 3644 826 3700 si
844 3644 928 3713 ridie,
943 3655 1031 3703 morto
1049 3645 1068 3701 ii
1081 3645 1166 3718 fictio,

99 3731 132 3789 ad
149 3731 245 3799 Ascle,
268 3736 342 3788 terra·
362 3731 497 3804 donatagti
521 3730 557 3788 da
579 3730 693 3789 Venetia
717 3732 761 3788 nei
787 3731 866 3788 mea.
889 3732 998 3812 Giorgic
1023 3733 1164 3879 convici·

42 3827 49 3842 ·
97 3820 217 3894 respinse
235 3821 244 3877 i
263 3820 366 3878 Turonr-
382 3819 418 3877 da
435 3820 517 3892 Ciprc
534 3820 578 3878 uei
597 3821 675 3889 14⁷5,
692 3819 805 3877 essendo
822 3822 989 3895 ammiragtio
1006 3821 1074 3880 dede
1112 3809 1166 3880 arr

98 3911 224 3984 Venetos
240 3943 243 3951 ·
