2970 4730
724 350 898 419 -106-

358 525 642 595 dissuadendum
677 526 740 592 istis
774 546 863 612 saepe
894 547 1022 595 numero
1052 528 1090 592 de
1120 526 1186 613 ipso
1216 537 1339 598 summo?

270 633 370 712 bono,
394 634 432 699 de
455 633 613 699 christiana
637 633 790 719 religione,
817 630 918 721 deque
940 643 1060 699 aeterna
1083 635 1240 702 beatorum
1263 635 1340 702 frui*

270 742 359 818 tione,
382 741 467 825 longa
490 738 702 823 disceptatione
725 759 916 825 congressus·
931 759 1010 804 sum.
1035 742 1099 819 Qua
1122 740 1276 826 prolecto,
1301 730 1340 806 ita*

270 847 487 931 circumscripti
511 846 703 930 devinctique
726 853 816 922 sunt,
840 846 962 911 veritate
985 846 1048 930 ipsa
1070 856 1221 932 pugnante
1244 853 1286 925 ut,¹
1311 842 1341 912 et'
1464 909 1465 928 ,

272 971 381 1019 manus
404 952 469 1017 dari
492 960 522 1016 et
545 971 670 1035 prorsus
692 951 839 1029 assentiri,
862 952 1002 1036 congruis
1032 952 1197 1018 rationibus
1227 953 1341 1019 fuerint
1464 941 1465 966 ¹

270 1059 375 1125 coacti.
392 1057 540 1136 Quoniam
557 1074 660 1121 vanam
676 1055 784 1133 fictam,
801 1058 1097 1142 commentitiamque
1112 1057 1206 1124 fidem
1222 1079 1340 1138 eorum,

270 1165 320 1251 (si
342 1162 434 1229 modo
456 1162 533 1228 fides
557 1172 602 1228 est
623 1161 822 1247 appellanda)
845 1185 861 1229 a
885 1164 986 1230 minus
1014 1166 1177 1251 ingeniosis
1208 1163 1238 1233 et
1268 1187 1340 1233 eru·

270 1269 339 1334 ditis
362 1269 445 1347 viriS,
468 1269 714 1353 argumentisque
738 1268 818 1335 haud
841 1270 995 1335 acerrimis
1018 1271 1103 1336 facile
1119 1272 1215 1338 relelli
1231 1272 1341 1345 dissol·'

270 1375 361 1459 vique
396 1373 499 1458 possit.
534 1371 622 1451 Quod
656 1372 738 1437 nulla
771 1373 893 1438 veritate
924 1373 1143 1460 stabilitateque
1177 1375 1339 1455 coherent,

270 1479 388 1544 tametsi
411 1479 513 1545 oculos
537 1497 607 1543 suos
631 1478 789 1563 opprimat,
813 1499 851 1544 na
874 1480 978 1546 lumen
1002 1481 1121 1546 videant
1144 1473 1226 1569 quod
1249 1483 1339 1548 offer·

270 1587 376 1651 rimus.
393 1584 554 1660 Insanahili
569 1583 720 1668 siquidem
736 1604 769 1650 ac
784 1586 928 1669 pertinaci
943 1586 1064 1652 stultitia
1080 1587 1218 1653 obdurati
1234 1589 1337 1658 Maho-

249 1692 410 1757 ·meticam
432 1690 641 1776 profanitatem
664 1690 751 1755 istam
774 1690 915 1756 deserere
938 1703 998 1757 non
1021 1693 1135 1770 volunt,
1160 1694 1230 1760 licet
1257 1695 1339 1760 illam

257 1813 337 1864 'esse
359 1796 602 1875 irrationabilem,
626 1797 767 1874 futilem,
791 1796 1025 1882 pudendamque
1049 1799 1146 1884 palam
1170 1800 1339 1866 ostenderi-

269 1922 359 1981 mns3
383 1912 516 1969 nostram
543 1924 626 1982 vero,
651 1903 707 1968 boc
731 1911 784 1980 est,
809 1901 920 1967 Christi
944 1903 1130 1988 religionem,
1154 1906 1223 1989 plus
1247 1925 1339 1991 quam

270 2009 475 2075 rationabilem
505 2019 535 2074 et
565 2018 697 2075 sanctam
727 2017 816 2095 atque
850 2008 990 2074 divinam.
1022 2011 1057 2075 In
1087 2029 1147 2095 qua
1177 2012 1239 2078 sola
1262 2012 1339 2077 vitae

269 2123 434 2231 perpetuae
457 2123 486 2179 et
509 2114 691 2179 immortalis
716 2132 786 2198 spes
810 2113 960 2179 recondita
983 2114 1030 2179 sit.
1055 2115 1259 2194 Quamobrem
1283 2137 1340 2183 nec

270 2237 307 2285 co
329 2218 430 2285 verius
457 2218 557 2285 dicere
579 2227 693 2303 potest,
718 2217 799 2305 quod
822 2240 838 2284 a
861 2220 1054 2286 Salomone
1046 2240 1076 2284 ιιι
1100 2222 1268 2306 proverbiis
1291 2223 1344 2288 di·‘

270 2334 354 2391 ctum
376 2333 441 2389 est:
465 2327 538 2391 Non
559 2327 664 2406 recipit
685 2329 796 2390 stultus
818 2330 907 2392 verbu
927 2329 1178 2409 prudentianae
1201 2349 1236 2395 cc
1241 2333 1347 2396 dicc-

270 2435 317 2498 ris
341 2451 418 2514 quac
438 2440 559 2498 vocant
581 2433 613 2496 in
637 2434 722 2498 corde
745 2435 818 2497 cios.

359 2541 537 2605 Lcdooicco.
554 2538 652 2607 Mauri
674 2539 773 2604 ullum
789 2559 827 2605 ne
844 2538 926 2604 diem
942 2538 1055 2605 testum
1070 2539 1201 2606 dicatum
1216 2539 1335 2618 habent,

269 2646 362 2712 veluti
384 2645 465 2730 apud
487 2665 551 2721 nos,
575 2645 629 2731 qui
649 2645 816 2710 multorum
839 2653 1013 2710 sauctorum
1035 2645 1222 2712 celebritates
1245 2664 1336 2732 quam

270 2751 481 2864 venerabiliter
504 2749 659 2816 colimus?

357 2855 539 2923 dleccndcr.
565 2855 683 2922 Habent
704 2855 828 2941 quidem
851 2856 949 2925 Mauri
969 2855 1165 2922 solemniores
1181 2853 1258 2933 dies,
1274 2855 1393 2941 qui·

270 2960 328 3028 bus
350 2959 514 3046 majoribus
537 2960 714 3038 orationum,
737 2959 957 3046 precibusque,
981 2959 1148 3044 hostiisque
1171 2977 1239 3024 rem
1262 2958 1335 3024 divi·

271 3083 341 3130 nam
363 3063 483 3140 faciunt,
508 3083 541 3129 ac
565 3063 732 3148 religiosius
756 3062 848 3128 deum
864 3059 974 3130 colunt.
991 3064 1129 3150 Eamque
1144 3062 1336 3147 potissimum

271 3167 362 3246 diem,
386 3187 446 3252 qua
469 3166 601 3233 Abraam
624 3165 799 3251 patriarcha,
823 3167 967 3251 vepribus
992 3168 1167 3233 haerentem
1194 3166 1335 3232 cornibus

270 3273 396 3338 arietem
417 3273 514 3358 angeli
536 3271 662 3349 monitu,
680 3271 736 3336 deo
752 3291 808 3357 pro
826 3271 888 3337 filio
911 3273 992 3339 lsaac
1006 3273 1179 3338 immolavit.
1197 3271 1259 3337 Sed
1275 3291 1335 3357 quo

271 3380 342 3457 ritu,
366 3398 425 3467 qua
447 3378 519 3457 fide,
543 3397 602 3463 qua
624 3376 727 3442 salutis
751 3397 815 3461 spe,
840 3378 938 3446 Mauri
960 3376 1065 3444 itidem
1087 3397 1185 3442 annua
1208 3377 1271 3443 vice
1287 3396 1334 3442 re·

271 3483 369 3549 colant
390 3492 480 3569 atque
504 3481 714 3548 concelebrent
739 3480 864 3561 referre,
889 3501 940 3547 me
964 3502 1022 3547 non
1046 3489 1106 3547 tam
1122 3480 1336 3566 perridiculam

272 3609 339 3654 rem
373 3608 490 3654 censeo.
527 3587 668 3667 Quamvis
699 3606 807 3672 magno
837 3587 1061 3673 lachrymarum
1091 3587 1189 3653 imbre
1220 3585 1336 3651 dellen-

272 3694 351 3771 dam,
361 3714 474 3779 quum
497 3703 576 3760 tanta
599 3693 806 3778 insipientium
829 3694 987 3760 hominum
1010 3695 1117 3761 animis
1134 3693 1228 3758 effusa
1243 3692 1334 3777 caligo

272 3799 320 3877 sit,
336 3808 379 3864 ut
385 3800 491 3866 eadem
514 3800 562 3866 die
586 3820 690 3866 omnes
714 3799 835 3878 viritim,
852 3799 928 3865 sicut
944 3800 973 3866 in
989 3821 1082 3867 ceusu
1098 3799 1220 3865 facultas
1236 3797 1333 3874 inerit,

273 3912 395 3984 ternos,
420 3913 581 3990 quaternos
604 3904 793 3990 decenosque
817 3903 884 3970 suis
902 3905 1041 3972 manibus
1064 3911 1195 3972 mactent
1217 3902 1334 3970 arietes

1162 4317 1465 4678 l
