2932 4728
731 359 908 425 -ῇὸ-

286 553 451 600 rmmensee
475 533 645 600 reddendae
668 534 771 600 laudes
788 546 817 601 et
833 535 976 601 beneficia
994 537 1059 601 eius
1075 556 1108 602 ac
1124 555 1260 615 munera,
1279 558 1353 604 cum

285 642 447 726 gratiarum
471 642 567 707 atione
590 642 778 708 celebranda.
796 645 862 709 Non
887 643 979 724 modo
995 643 1078 728 quod
1102 664 1139 710 ex
1162 646 1354 728 procellosis·

285 746 369 812 simis
394 747 463 814 freti
486 748 726 832 tempestatibus,
743 748 1018 833 calamitatibusque
1035 748 1137 814 celesti
1161 769 1216 813 nos
1240 751 1355 835 eripuit

284 875 386 939 opere,
411 863 441 920 et
464 856 607 940 sospitem
630 875 680 920 me
697 875 777 922 nunc
794 856 879 922 vobis
895 856 1043 934 reddidit;
1067 855 1121 921 sed
1145 858 1232 942 longe
1256 859 1352 944 magis

284 963 427 1047 quoniam
453 982 509 1047 pro
533 963 655 1028 nomine
679 963 758 1040 lesu,
783 963 891 1048 dignos
915 983 970 1029 333
993 962 1071 1040 fecit,
1095 963 1221 1029 verbera
1244 974 1352 1032 contu-

282 1069 449 1154 meliasque
473 1088 705 1154 nonnunquam
722 1091 737 1135 a
757 1070 1019 1136 truculentissimis
1043 1069 1195 1136 christiani
1218 1069 1351 1136 nominis

283 1177 418 1243 hostibus
440 1177 570 1263 perpeti.

370 1285 550 1350 Lcdooa'eua.
576 1284 620 1349 Te
643 1285 697 1368 qui
720 1284 798 1348 inter
821 1284 878 1348 tela
901 1282 1084 1368 gladiosque,
1110 1284 1151 1348 mi
1175 1282 1350 1348 Alexander.

282 1389 439 1474 elapsum,
464 1388 501 1453 ad
526 1409 579 1454 nos
603 1389 771 1474 refugisse,
796 1408 984 1454 remeasseve
1007 1389 1081 1453 mihi
1106 1388 1209 1454 videre
1232 1388 1347 1454 videor.

281 1498 402 1563 Etenim
426 1516 517 1582 quam
540 1495 598 1560 sint
621 1495 787 1581 perfidiosi,
812 1505 842 1561 et
864 1495 1004 1580 improbi,
1028 1504 1057 1560 et
1080 1504 1180 1560 truces
1203 1495 1234 1560 in
1258 1494 1347 1559 Chri-

281 1607 390 1672 stianos
414 1604 523 1682 Mauri,
548 1623 766 1688 saepenumero
789 1625 804 1668 3
828 1603 930 1668 multis
960 1603 1069 1687 accepi.
1094 1603 1136 1667 Te
1167 1611 1267 1667 autem
1292 1622 1347 1686 pro

280 1721 330 1777 tua
353 1710 509 1796 probitate,
528 1731 586 1776 nou
603 1711 732 1796 ambigo,
750 1719 780 1776 et
794 1709 862 1775 lorti
878 1709 986 1786 auimo,
1002 1710 1077 1774 laeta
1093 1709 1241 1794 paciencia
1256 1709 1295 1774 ab
1310 1709 1345 1774 iis

280 1835 460 1903 perpessum
477 1817 525 1892 ite,
544 1816 792 1900 immobilemque
808 1815 900 1880 animi
916 1814 1048 1880 tenuisse
1061 1816 1212 1881 virtutem.
1225 1817 1345 1902 Quippe

280 1924 332 2010 qui
356 1943 416 1988 non
433 1922 571 2007 ignorans
587 1921 791 1986 Christianum
807 1939 874 1986 esse
894 1931 983 2006 atque
999 1921 1299 2005 praestantissimum,
1316 1932 1345 1988 et

279 2048 385 2114 magna
410 2027 508 2093 facere
531 2037 561 2092 et
583 2047 688 2112 magna
719 2027 864 2111 perferre.
889 2028 955 2094 Viri
986 2028 1039 2113 qui
1063 2037 1108 2092 est
1131 2029 1195 2113 spei
1219 2029 1344 2094 veritate

279 2135 437 2210 subnixus,
455 2143 485 2198 et
507 2133 577 2198 lidei
601 2133 756 2198 stabilitate
772 2132 924 2210 fundatus,
942 2133 1101 2218 proprium
1118 2142 1163 2198 est
1178 2132 1343 2218 impiorum

278 2239 516 2307 infestationibus
533 2259 591 2304 non
608 2239 695 2315 deici,
713 2258 772 2304 non
789 2240 982 2304 commoveri.
1000 2238 1069 2304 Sed·
1079 2239 1228 2325 praesenti
1243 2241 1343 2306 animo

278 2356 308 2412 et
338 2346 462 2412 oonsilio
494 2345 536 2409 uti
560 2344 629 2430 quis
653 2343 790 2409 nesciat‘l
814 2345 893 2410 Tum
923 2346 1101 2429 praesertim
1132 2365 1202 2411 oum
1234 2346 1343 2411 scitum

277 2452 352 2518 illud
370 2451 576 2536 Apostolicum
601 2471 703 2515 secum
728 2451 791 2536 ipse
816 2452 935 2536 saepius
959 2461 1083 2536 repetat:
1101 2474 1161 2518 nora
1184 2463 1256 2518 aunt
1279 2475 1344 2520 cerr·

276 2563 383 2645 dignae
400 2562 554 2640 passiones
585 2560 676 2639 hujus
706 2561 865 2638 temporis,
891 2561 930 2622 od
952 2561 1091 2642 suturam
1113 2562 1242 2644 glorium
1266 2580 1342 2641 quae

276 2669 456 2732 revelabitur
486 2668 518 2728 ic
549 2667 641 2730 nobis.
667 2662 828 2728 Caeterum
860 2663 896 2748 ijs
927 2662 987 2728 iam
1018 2666 1140 2731 semotis
1163 2667 1340 2732 Maurorum

275 2770 521 2846 infestationibus,
539 2769 763 2854 praesurisque,
779 2769 891 2834 laetum
912 2769 992 2836 hunc
1015 2790 1171 2836 sumamus
1195 2771 1287 2849 diem,
1311 2782 1341 2839 et

275 2879 318 2944 tui
341 2877 456 2942 itineris
480 2876 527 2941 vel
550 2875 740 2960 navigationis
756 2876 828 2953 loca,
853 2875 954 2953 urbes,
974 2878 1117 2961 pericula,
1141 2897 1242 2946 mores
1265 2899 1338 2965 gen·

274 2984 350 3049 tium
375 2992 548 3048 exterarum
573 2992 602 3048 et
624 2984 774 3069 quidquid
797 2995 967 3052 memoratu
1002 2986 1125 3072 dignum
1164 2988 1338 3067 existimas,

275 3089 361 3154 nobis
384 3109 519 3154 recense.
545 3091 624 3154 Tum
648 3091 696 3155 vel
720 3091 850 3155 maxime
882 3091 1087 3177 longissimam
1110 3093 1338 3177 profectionem,

274 3216 331 3281 qua
355 3206 384 3261 te
408 3195 444 3260 ad
468 3195 559 3280 Synai
582 3205 715 3262 montem
739 3207 929 3282 peragratum
952 3198 1133 3265 audivimus.

361 3303 543 3370 Alcmonder.
579 3303 660 3367 Nihil
691 3303 765 3368 mihi
792 3305 921 3388 gratius,
949 3304 1173 3392 jucundiusque
1204 3309 1339 3394 obtigere

273 3431 361 3496 posse
385 3409 524 3486 arbitror,
549 3409 766 3474 humanissime
791 3410 959 3488 ludovice,
985 3411 1076 3496 quod,
1101 3413 1199 3498 quoad
1214 3415 1338 3500 possim,

272 3537 390 3582 morem
412 3515 466 3581 tibi
489 3535 601 3601 geram,
626 3515 700 3583 Mihi
723 3524 773 3580 tua
792 3515 876 3602 jussa
896 3537 1054 3603 capessere
1077 3519 1120 3584 fas
1144 3528 1198 3586 est.
1223 3522 1339 3586 Teren·

271 3622 358 3686 tianis
382 3629 449 3686 utor
472 3620 583 3685 verbis:
607 3625 658 3686 tibi
680 3641 733 3702 per
757 3641 802 3687 me
824 3626 915 3700 dedo,
948 3627 1065 3704 quiduis
1087 3629 1188 3691 oneris
1210 3630 1337 3708 impone,

215 3793 217 3800 ,
271 3733 398 3809 irnpero,
421 3732 550 3809 obsequi,
570 3738 728 3810 promptus
744 3749 822 3793 rum.
841 3729 1026 3814 Compendio
1047 3739 1146 3796 tamen
1170 3732 1260 3798 totius
1276 3733 1338 3798 mei

272 3834 387 3899 itineris
410 3836 493 3912 loca,
517 3834 689 3899 discrimina
714 3844 743 3900 et
767 3837 842 3901 ritus
870 3837 1028 3902 hominum
1059 3839 1199 3925 variaque
1232 3861 1338 3907 rerum

271 3961 391 4028 genera,
416 3939 468 4006 tibi
485 3961 643 4007 recensere
660 3941 779 4009 curabo.
798 3944 928 4010 Tametsi
945 3945 975 4010 in
1000 3945 1105 4030 primis
1121 3946 1337 4014 insinuandum
