2932 4728
735 327 909 394 ..50-

290 502 389 568 locum
414 502 534 568 nomine
556 503 669 580 Curet,
685 503 738 570 ubi
755 515 842 573 noctu
859 505 991 572 cubitant
1007 507 1168 592 peregrini,
1182 505 1230 575 ab
1253 506 1361 594 aoqna

291 630 361 676 rum
385 609 517 677 lontibus
540 631 594 676 sex
616 613 751 678 millibus
782 633 926 699 passuum
957 613 1137 700 sejunctum.
1160 616 1284 680 Postera
1309 615 1360 680 die

289 718 319 783 in
344 717 444 783 locum
470 720 648 786 Guidulurie
672 719 814 786 vocabulo
838 720 1075 805 proficiscimur,
1100 742 1116 786 a
1139 741 1199 807 quo
1222 720 1361 786 millibus

254 863 257 868 -
289 822 426 910 quinque
449 833 589 909 stagnum
612 825 642 890 in
659 825 796 910 proximo
827 835 880 891 est.
898 825 1044 911 Sequenti
1060 824 1110 891 die
1133 845 1227 910 penes
1249 845 1359 891 arenae

210 1015 213 1020 .
290 939 409 997 montes
433 929 618 1015 hospitantur
642 932 803 1016 peregrini,
828 931 880 998 nbi
904 933 1023 998 nullum
1048 942 1093 997 est
1115 951 1226 1017 acquae
1249 932 1361 1018 praesi-

289 1036 384 1102 dium.
409 1035 527 1102 Exinde
549 1036 586 1102 ad
610 1037 852 1122 locumrlreplu'm
875 1037 922 1122 (l)
947 1037 1089 1112 nomine,
1122 1037 1174 1102 ubi
1198 1038 1359 1122 subrupe

289 1141 419 1229 quadam
454 1142 502 1207 rin
525 1142 591 1208 lons
625 1151 751 1208 emanat.
777 1145 923 1229 Sequenti
946 1144 994 1208 die
1022 1143 1162 1210 venimus
1184 1147 1284 1218 Bedet
1310 1143 1360 1229 (2)
1462 1149 1463 1178 ³

291 1247 343 1314 ubi
366 1247 582 1312 subterraneus
605 1256 650 1312 est
665 1247 739 1325 lons,
757 1247 937 1332 sulphureas
957 1247 1114 1333 prolluens
1136 1268 1254 1334 aequas,
1272 1250 1360 1315 luxta

290 1373 383 1440 quem
396 1354 507 1429 locum,
523 1353 625 1418 ferunt
640 1354 779 1419 Saraceni
795 1355 877 1420 Isaac
892 1354 1072 1420 Patriarcam
1088 1353 1213 1420 enixum
1229 1374 1244 1418 a
1262 1363 1361 1419 morte

291 1459 394 1526 fuisse.
418 1461 515 1526 Erine
538 1479 609 1526 vero
633 1459 697 1526 dies
727 1469 858 1546 quatuor
888 1461 1064 1544 progressi,
1096 1460 1170 1525 nihil
1193 1475 1361 1545 aequarum

290 1566 461 1652 comperire
475 1566 639 1652 potuimus
670 1587 768 1654 usque
792 1587 853 1654 quo
877 1569 960 1636 blare
983 1567 1125 1634 Rubrum
1148 1566 1360 1651 applicuimus,

290 1663 350 1739 siti'¹
363 1673 454 1738 nimia
477 1673 625 1758 defatigati
642 1683 731 1760 atque
748 1674 891 1760 languidi,
912 1694 971 1760 qua
982 1672 1119 1759 jumenta
1135 1672 1221 1758 quasi
1243 1671 1363 1738 absum·

291 1789 340 1864 pta
363 1779 501 1863 protinus
525 1779 703 1846 videbantur
718 1790 826 1845 utnon
849 1799 1005 1866 nunquam
1021 1780 1086 1864 ipse
1102 1778 1244 1844 dixerim:
1260 1788 1362 1844 ectum

291 1893 333 1952 eat
355 1890 390 1952 de
412 1890 506 1952 tertia.
531 1885 594 1952 Sed
617 1895 755 1971 precatus
775 1886 895 1952 anobis
918 1885 995 1953 deus
1018 1904 1089 1951 cum
1112 1884 1218 1950 luisset
1240 1893 1362 1971 totaque

291 1999 394 2054 mente
417 1987 607 2055 diceremus:
630 1995 669 2055 du
689 2000 778 2071 poter
793 1995 948 2056 aunarium
963 1992 1094 2066 martie,
1110 1993 1285 2071 veniamque
1295 2009 1365 2072 pre·

293 2115 420 2172 camur,
452 2105 520 2180 post
541 2095 667 2159 multam
699 2105 817 2161 noctem
850 2097 1075 2182 quaeritantes,
1107 2115 1159 2162 eos
1188 2095 1363 2162 invenimus

291 2201 398 2277 tontes,
421 2220 498 2286 quos
521 2210 702 2267 transmeato
718 2222 734 2267 a
750 2200 820 2267 liliis
836 2204 930 2270 lsrael
949 2203 1025 2269 mari
1049 2202 1153 2279 rubro,
1178 2201 1256 2267 baud
1275 2202 1363 2286 longe

292 2306 389 2391 Moysi
412 2306 524 2372 orantis
546 2317 635 2394 atque
651 2310 810 2395 precantis,
828 2312 974 2397 produxit
989 2332 1097 2398 magno
1112 2311 1259 2378 miraculo
1276 2310 1363 2377 deus

291 2417 430 2495 Quorum
453 2415 562 2481 haustu
586 2417 659 2502 lapsi
682 2426 772 2504 atque
796 2417 977 2495 decidentes,
999 2418 1223 2485 robustioribus
1247 2416 1364 2483 viribus

292 2521 401 2588 redditi
424 2542 530 2589 sumus
553 2543 668 2589 omnes.
692 2525 813 2612 Quique
836 2525 1060 2611 proficiscentes
1084 2529 1172 2592 s'ec'us
1196 2545 1279 2591 mare
1305 2529 1365 2592 Ru·

292 2629 384 2695 hrum
406 2629 471 2696 dies
495 2639 565 2708 tres,
589 2632 684 2696 semel
709 2633 758 2696 vix
780 2652 890 2718 aequas
913 2632 950 2697 ad
974 2642 1080 2718 potum
1103 2629 1284 2698 invenimus.

330 2729 332 2734 ’
382 2741 561 2808 ludovicos.
586 2741 647 2807 Sed
671 2741 728 2818 bie,
746 2742 787 2807 mi
804 2740 985 2818 Alexander,
1010 2761 1122 2827 quaeso
1146 2741 1271 2816 itineris,
1290 2761 1364 2826 pau·

292 2845 393 2912 lulum
416 2847 487 2912 siste
511 2867 695 2914 sermonem.
720 2849 759 2913 llt
782 2868 865 2914 mare
890 2848 1030 2914 Rubrum
1053 2846 1141 2933 cujus
1168 2847 1207 2912 sit
1228 2847 1277 2912 vel
1300 2866 1365 2912 ma·

293 2951 478 3038 gnitudinis,
510 2954 559 3017 rel
588 2955 698 3020 eoloris
730 2973 856 3032 enarra,
888 2955 1068 3040 praesertim
1099 2973 1195 3040 quum
1223 2962 1304 3019 tauto
1333 2953 1366 3018 in
1463 3015 1464 3026 ,

293 3057 451 3142 scripturis
473 3059 617 3126 miraculo
634 3070 664 3124 et
678 3060 875 3137 celebratum,
892 3069 922 3126 et
939 3053 1127 3126 dillamatum
1140 3071 1217 3126 ‘esse
1240 3068 1364 3126 constat.
1463 3071 1464 3080 ’

382 3161 565 3231 Alexander.
590 3168 757 3254 Peringens
781 3170 838 3234 boc
861 3189 945 3235 mare
969 3179 999 3236 et
1013 3170 1152 3236 Indicum
1176 3190 1243 3236 esse
1267 3157 1366 3255 palam
1463 3163 1464 3166 '

295 3279 349 3337 est.
373 3271 463 3351 Quod
484 3291 590 3338 omnes
613 3275 714 3359 plagas
738 3285 896 3361 terrasque
925 3276 1039 3342 medias
1062 3276 1165 3342 ludiae
1187 3286 1278 3362 atque
1302 3296 1367 3342 ma·

296 3377 407 3444 xlmam
423 3378 559 3445 desertae
575 3379 705 3447 Arabiae
721 3391 838 3468 partem
861 3382 983 3448 interlui
999 3381 1103 3460 cauda,
1120 3392 1154 3449 ut
1169 3382 1207 3447 ita
1223 3383 1366 3460 dixerim,

300 3507 517 3522 m

364 3565 403 3634 (l)
428 3563 512 3621 Forse
535 3563 554 3620 il
578 3580 658 3622 nomo
681 3564 724 3622 del
757 3581 839 3639 paese
862 3564 958 3623 denno
982 3565 1055 3623 dalla
1079 3573 1175 3624 catena
1205 3564 1248 3622 del
1274 3520 1367 3622 monta

295 3649 461 3719 El-Aredim,
484 3651 520 3708 od
541 3652 657 3710 El-bred
677 3654 740 3712 nell'
752 3653 853 3710 Hediae
874 3654 927 3711 ebe
951 3654 987 3710 ba
1013 3670 1092 3714 verso
1111 3655 1140 3713 la
1165 3654 1235 3712 Siria
1253 3653 1367 3712 letalde

295 3737 431 3806 sabbinae,
449 3756 560 3798 everso
578 3743 597 3798 il
617 3741 675 3799 Mar
695 3743 782 3800 Rosso
803 3743 938 3816 dirupate
1022 3776 1024 3781 -

366 3826 406 3899 (2)
427 3828 502 3886 llolti
528 3830 619 3902 luogbi
649 3831 744 3888 banno
775 3831 848 3888 nella
871 3831 941 3889 Siria
967 3849 982 3890 c
1008 3833 1079 3891 nella
1103 3832 1242 3890 Palestina
1269 3769 1365 3907 questo

297 3931 427 3972 nome-
446 3917 525 3974 Bedel
543 3935 559 3974 o
577 3919 675 3976 Betel'
669 3935 696 3975 rn
714 3918 821 3977 ebraico
830 3919 876 3976 sl'
869 3927 1026 3994 interprete,
1045 3937 1110 3980 casa
1126 3935 1144 3978 o
1161 3921 1239 3994 luogo
1258 3919 1287 3977 di
1305 3919 1365 3975 Dio
