2932 4728
555 349 734 414 ..63-

111 534 171 604 tur,
196 523 308 591 oliveto
329 516 457 610 ‘quidem
480 525 649 610 pergrandi·
664 525 904 611 circumseptum
919 535 1008 612 atque
1031 524 1177 613 pomerio.

109 635 144 700 ln
166 652 231 718 quo
255 640 367 697 structa
391 640 438 697 est
460 632 604 709 aedicula,
621 633 672 699 ubi
697 634 849 719 quondam
880 635 990 700 Beatus
1014 635 1177 701 Honolrins

44 749 48 756 '
109 735 299 812 anachoreta,
324 737 435 802 saeculi
461 736 597 802 turbines
623 736 751 823 fugitans
776 757 843 802 sose
858 739 1000 804 condidit.
1017 739 1061 804 llo
1085 739 1178 804 veluti

108 843 139 908 in
162 842 303 908 salutaris
326 852 432 927 portus
456 844 582 908 statione
606 843 720 920 locavit,
744 845 819 910 nihil
843 843 899 910 boc
922 845 960 910 de
986 844 1102 911 mundo
1113 844 1177 930 jam

110 957 265 1034 appetens,
297 949 371 1014 nihil
402 949 554 1035 cogitans,
585 950 705 1015 caelesti
737 950 886 1035 praesidio
916 951 1081 1036 solatioque
1111 970 1178 1016 con·

108 1065 220 1132 tentor,
244 1055 368 1121 tamdiu·
381 1056 585 1140 perseveravit
606 1056 702 1122 donec
725 1076 742 1121 e
766 1057 941 1123 mortalium
966 1061 1037 1134 vita,
1060 1057 1097 1122 ad
1120 1057 1176 1122 irn-

108 1161 268 1227 mortalem
284 1161 365 1226 illam
381 1171 412 1227 et
425 1161 604 1246 gaudiorum
620 1163 750 1247 plenam,
764 1164 868 1238 lactus,
882 1164 1016 1248 gaudens
1029 1163 1175 1249 migrarit.

109 1265 205 1352 Cujus
221 1276 251 1331 et
266 1267 332 1332 lons
347 1286 457 1353 acquae
472 1267 625 1352 perdulcis
641 1268 713 1354 (qua
729 1288 851 1353 semper
867 1268 941 1334 dum
954 1269 1076 1354 degeret
1089 1267 1177 1350 bibit)
1297 1299 1302 1308 ·

108 1371 187 1439 banc'
200 1393 298 1459 usque
321 1373 353 1438 in
375 1372 457 1438 diem
484 1373 684 1440 Honolrianus
700 1395 716 1439 a
731 1373 884 1442 blonaclris
914 1382 1114 1460 nuncupatur.
1138 1376 1178 1439 Et

108 1479 177 1544 binc
193 1478 293 1563 lapide
316 1478 421 1565 quinto
445 1479 586 1564 spelunca
609 1479 662 1544 sita
679 1489 733 1559 ost,
758 1499 850 1566 quam
873 1479 1016 1546 diuturno
1040 1490 1177 1563 tempore

108 1583 306 1652 beatissimus
329 1587 478 1652 lebannes
508 1589 673 1663 climacus,
697 1586 743 1650 vir
777 1586 912 1651 santitatc
947 1585 1177 1670 eloquentiaque

108 1688 302 1775 praecipuus,
325 1689 458 1755 incoluit.
482 1687 588 1774 bquo
604 1688 701 1754 ferme
724 1689 895 1775 quingentis
910 1689 1057 1774 passibus,
1074 1691 1177 1756 Mona·-

109 1795 238 1862 chorum
262 1804 309 1864 cst
330 1815 442 1872 carcer,
465 1814 559 1880 quem
575 1795 627 1860 ille
643 1794 721 1860 libro
737 1815 801 1871 suo,
825 1800 907 1861 scuto
929 1799 1105 1877 spiritualis,
1129 1794 1178 1880 (l)

109 1901 326 1986 cognominato,
343 1920 435 1987 quam
451 1901 572 1986 saepius
594 1911 821 1966 commemorat.
845 1903 879 1968 ln
896 1921 957 1987 quo
973 1910 1002 1966 et
1017 1921 1122 1986 aspera
1138 1901 1179 1966 ni·

108 2008 165 2100 mis
189 2006 407 2092 poenitentium
435 2006 653 2074 Monachorum
677 2007 804 2091 explicat
827 2007 1038 2073 cruciamenta.
1064 2009 1178 2071 Tamen

109 2099 240 2179 ultronei
252 2132 343 2198 quam
355 2113 460 2198 plures
477 2113 617 2190 videntur
640 2112 744 2189 luisse,
769 2114 999 2198 multorumque
1014 2112 1096 2178 enim
1112 2131 1177 2177 cae·

109 2219 272 2286 nobiorum
296 2218 401 2283 ruinae
432 2227 620 2296 cernuntur,
644 2237 721 2304 quae
745 2227 775 2284 ct
796 2227 935 2286 sexcenta
954 2218 1063 2291 dicunt
1085 2218 1178 2284 luisse

109 2344 250 2391 numero.
264 2325 352 2390 Nunc
362 2334 464 2390 autem
480 2333 607 2410 septem,
622 2325 670 2390 vix
686 2325 722 2390 ad
736 2345 892 2392 summurn
908 2336 983 2402 octo,
998 2345 1057 2390 non
1070 2324 1178 2390 diruta.

109 2432 269 2499 Saeviente
285 2451 354 2496 narn
369 2431 550 2498 atrocissima
567 2451 779 2498 saracenorum
803 2433 1012 2516 persecutione
1029 2433 1058 2497 in
1075 2434 1178 2499 Mona-

107 2538 189 2615 chus,
207 2557 286 2623 quos
302 2538 428 2622 pecunia
452 2536 578 2603 refertos
601 2537 752 2622 putabant,
776 2537 900 2602 ellerato
922 2537 1023 2602 animo
1046 2557 1097 2602 eos
1114 2547 1178 2603 tru-

107 2643 295 2711 cidaverunt.
311 2645 376 2730 lgni
400 2654 430 2711 et
453 2645 549 2711 ruinis
572 2646 636 2712 solo
654 2646 833 2712 monasteria
857 2653 1032 2730 aequarunt.
1057 2647 1121 2726 Qua
1144 2664 1178 2709 re

107 2748 211 2814 divino
241 2767 410 2834 severoque
440 2760 486 2815 est
509 2760 609 2815 actum
627 2748 747 2835 juditio.
772 2748 795 2834 lj
821 2757 922 2833 postea
946 2749 976 2814 in
1000 2749 1178 2833 semetipsos

107 2854 205 2919 versis
229 2855 436 2931 mucronibus,
453 2866 633 2921 crassatores
648 2864 771 2922 mutuae
794 2875 826 2920 se
850 2855 940 2921 caede
964 2862 1178 2920 mactaverunt

107 2961 172 3026 Nec
195 2979 240 3036 ea,
265 2980 358 3046 quam
381 2960 419 3026 de
443 2960 660 3029 Monachorum
684 2961 766 3028 tenui
795 2961 960 3028 substantia
991 2962 1179 3028 truculenter

107 3075 233 3153 egerant
256 3066 409 3151 praedam,
434 3069 519 3153 potiti
542 3078 622 3136 sunt.

199 3173 381 3238 domebus.
407 3174 500 3242 bliror
532 3175 658 3259 bloysen
682 3175 713 3239 in
744 3174 834 3260 Synai
868 3174 997 3250 deserto,
1021 3173 1179 3239 biennium

107 3275 172 3342 lere
196 3286 426 3354 commoratum,
451 3279 528 3344 sicut
551 3297 589 3343 en
612 3279 769 3364 scripturis
800 3298 892 3365 quam
916 3279 995 3344 clare
1018 3277 1177 3361 colligitur,

107 3404 164 3451 nec
187 3386 378 3471 praeclarum
407 3387 542 3477 aliquid,
572 3397 623 3453 aut
646 3387 783 3472 insigne,
807 3395 962 3473 praeterea
988 3403 1066 3470 quae
1097 3382 1177 3448 dicta

110 3500 194 3568 sunt,
218 3491 359 3576 gessisse.

182 3745 223 3816 (l)
243 3744 298 3802 San
317 3745 454 3804 Gioranni
473 3748 591 3805 climaco
608 3754 674 3805 nato
691 3746 720 3803 in
738 3744 875 3803 Palestina
892 3752 979 3802 morto
997 3743 1022 3801 al
1043 3744 1120 3801 Sinai
1136 3744 1180 3802 nel

114 3831 166 3890 sot
182 3832 256 3907 dopo
273 3835 310 3892 60
327 3835 393 3891 anni
420 3835 447 3892 di
465 3837 626 3910 penitonaa,
646 3836 728 3894 lascio
746 3835 828 3893 molle
846 3849 927 3908 opere
949 3833 1072 3908 religiosa
1097 3833 1139 3890 lra
1157 3833 1181 3890 lo

113 3924 185 3995 quali
203 3924 230 3982 la
249 3923 330 3983 Scala
348 3925 374 3984 al
394 3925 480 3995 cislo,
495 3926 523 3984 ln
542 3941 620 3999 greco
637 3926 752 3996 Climax,
767 3923 862 4000 qnindi
879 3924 899 3980 il
911 3939 990 3981 noma
1007 3922 1036 3981 di
1054 3922 1180 3979 climaco.
