2970 4730
567 387 743 454 ..yy-

118 562 150 628 iu
174 559 347 647 Aegyptum
372 562 437 626 iens
460 563 507 628 vel
530 561 600 627 inde
628 562 769 639 rediens,
794 562 877 648 signa
901 561 1116 630 miraculorum
1141 566 1187 632 iu·

117 669 250 734 ehohare
285 668 364 733 haud
400 669 513 740 voluit,
543 669 599 734 uisi
624 678 688 734 tum
713 670 847 755 primum
883 668 1003 755 quaudo
1028 671 1058 736 in
1083 673 1188 738 vinum

116 795 246 860 aequam
285 775 409 840 mutavit
432 775 461 839 iu
485 774 588 840 Chana
612 775 753 852 Galileae,
778 793 870 861 qrram
894 776 932 841 ob
956 796 1030 852 rem,
1055 798 1111 862 pro
1134 778 1187 844 de·

116 881 279 946 liramento
316 879 452 964 paenitus
489 877 624 944 habenda
659 889 730 944 sunt
762 899 976 966 quaecumque
1010 902 1027 946 a
1062 883 1188 966 parvulo

115 987 190 1052 Iesu
214 985 357 1052 miracula
390 985 514 1072 quidam
545 985 685 1052 tabulant.
710 988 794 1066 Quae
818 996 848 1051 et
871 987 896 1051 si
928 988 1118 1072 pertinaciter
1141 1009 1186 1053 as·

115 1111 224 1158 serere
247 1092 342 1158 eonati
367 1091 498 1168 luerint,
522 1100 588 1158 tum
612 1093 708 1177 magis
733 1093 848 1177 inepti,
872 1093 1047 1178 insipientes
1070 1093 1187 1160 dicendi

116 1207 199 1266 sunt.
224 1197 371 1264 lnellabili
395 1218 506 1284 nempe
530 1208 560 1264 et
581 1198 708 1264 archana
743 1198 948 1284 provvideutia
982 1200 1037 1266 Dei
1062 1199 1186 1266 creden·

115 1305 195 1371 dum
218 1313 280 1380 est,
305 1306 384 1371 nulla
409 1304 564 1370 Christum
587 1306 795 1391 prodigiorum
826 1306 970 1372 miracula
1002 1305 1112 1372 aedere
1136 1327 1187 1374 ro·

115 1413 222 1486 luisse,
246 1411 303 1477 nisi
326 1432 397 1479 oum
420 1423 487 1478 ante
505 1412 668 1498 discipulos
692 1433 773 1488 sude,
791 1432 884 1497 acqua
908 1413 937 1476 in
963 1412 1067 1477 viuum
1092 1432 1187 1491 versa,

115 1517 245 1602 gloriam
270 1536 341 1582 suae
364 1517 489 1591 deitatis,
515 1516 643 1600 imperio
666 1517 746 1582 voeis
766 1517 959 1606 manifestare
983 1517 1084 1582 voluit.
1113 1516 1187 1582 Cae·

116 1632 181 1688 tera
206 1623 230 1687 si
254 1623 380 1708 quidem
403 1623 492 1708 digua
508 1623 555 1687 vel
579 1623 653 1688 dum
677 1623 706 1687 iu
731 1643 786 1689 suo
810 1631 887 1699 ortu,
913 1623 996 1687 stella
1020 1621 1187 1687 admirandi

116 1727 289 1813 splendoris
305 1728 454 1813 apparuit,
473 1729 519 1793 vel
535 1728 609 1793 dum
625 1728 798 1813 Aegyptum
822 1747 857 1792 eo
873 1727 1059 1813 ingrediente
1082 1737 1188 1794 cuneta

115 1834 247 1918 Aegypti
273 1833 349 1899 idola
374 1834 486 1919 parlter
509 1853 663 1910 corruere,
688 1834 765 1899 siout
787 1842 871 1899 antea
895 1834 1111 1918 prophetarum
1137 1854 1187 1900 va-

116 1937 220 2002 tioiuio
254 1937 503 2022 praenunciatum
538 1936 655 2014 luerat3
681 1937 727 2001 vel
762 1937 836 2003 dum
871 1939 1021 2003 aloanue
1055 1939 1187 2022 Baptista

115 2063 211 2127 super
235 2044 337 2128 ipsum
361 2044 391 2109 in
416 2043 542 2109 Iordane
565 2042 758 2128 baptizatum,
775 2044 806 2108 in
821 2043 979 2109 columbae
1003 2045 1102 2128 specie
1126 2044 1187 2129 spi·

116 2151 195 2215 ritus
219 2151 345 2215 Sanetus
369 2151 468 2216 visum
491 2159 557 2225 est,
582 2169 641 2215 uon
673 2171 727 2217 sua
751 2149 863 2216 Christi
888 2150 1027 2216 videlicet
1057 2150 1188 2231 hominis

116 2256 173 2321 sed
196 2257 290 2342 magis
313 2257 430 2322 deitatis
454 2265 618 2341 potestate,
643 2257 788 2323 miracula
820 2257 899 2322 edita
922 2277 988 2324 esse
1012 2256 1123 2322 vident.
1148 2256 1189 2322 At

116 2383 190 2428 vero
214 2383 312 2448 quum
335 2363 373 2428 de
396 2363 553 2429 Idolorum
585 2364 785 2448 prostratione
821 2384 992 2429 sermonem
1017 2363 1187 2440 incidimus

116 2469 153 2536 ad
178 2489 245 2534 rem
270 2478 315 2534 est
337 2469 375 2534 de
400 2469 435 2555 ijs
459 2489 539 2534 nune
562 2489 661 2554 agere,
685 2490 780 2556 quare
813 2479 844 2536 et
874 2470 1006 2555 Aegypti
1038 2471 1187 2555 praeclara

115 2584 313 2641 monumenta
336 2576 453 2640 tractari
476 2575 537 2641 orsi
560 2595 678 2642 sumus.
703 2579 798 2642 Tanto
822 2575 974 2661 siquidem
997 2577 1116 2661 iugenio
1139 2596 1187 2641 ar·

115 2691 208 2767 teque
232 2681 373 2756 caelandi,
397 2682 524 2747 mirifioa
548 2681 696 2748 eiusmodi
713 2681 795 2747 Idola
818 2682 908 2766 (quae
932 2691 962 2746 et
985 2681 1040 2747 hae
1064 2701 1187 2766 quoque

113 2797 293 2872 tempestate
316 2789 428 2873 integra
452 2787 643 2873 permanent)
672 2788 860 2872 immuginata
880 2787 977 2865 luere,
1007 2798 1039 2853 ut
1063 2806 1186 2854 meeum

115 2895 181 2980 ipse
205 2895 325 2979 saepius
348 2895 550 2979 Virgilianum
573 2895 674 2979 ipsum
697 2895 1009 2959 commemoraverim.
1033 2893 1081 2979 (l)

209 3004 304 3070 Credo
327 3005 462 3082 equidem
485 3006 566 3067 vitos
581 3005 741 3068 eduxerint
756 3006 790 3068 de
806 3021 957 3068 marmore
979 3006 1090 3068 vultos.
1115 3003 1187 3068 Ete-

115 3105 1185 3197 mmmmmmmmfflmmmmufflmfflmmmmffl

116 3217 297 3301 ademptum
322 3227 419 3302 putes,

207 3323 388 3389 Lodoor'ous.
413 3324 495 3390 Num
519 3325 573 3390 ista
597 3324 726 3411 Aegypti
750 3325 828 3391 idola
852 3334 931 3391 tauto
954 3325 1075 3410 ingenio
1097 3332 1187 3408 atque

117 3425 271 3513 diligentia
294 3431 411 3496 exeolta
435 3441 525 3509 sunt,
550 3440 584 3498 ut
608 3451 713 3498 omnes
747 3441 830 3498 artus
860 3441 949 3517 atque
973 3430 1111 3496 membra
1134 3429 1188 3515 qui

134 3557 352 3573 m

186 3613 227 3681 (l)
246 3612 345 3688 Oneste
363 3621 451 3672 statue
476 3616 546 3673 forse
572 3617 763 3673 rimontarano
785 3615 927 3688 all’Epoea
949 3613 990 3671 dei
1006 3613 1124 3671 l'olomei
1139 3613 1188 3671 ohe

116 3697 139 3754 le
157 3713 283 3756 arrauno
301 3699 366 3757 fatte
384 3701 500 3775 seolpire
518 3703 553 3758 da
571 3703 661 3759 artisti
680 3704 759 3777 greci,
779 3701 877 3775 perche
891 3704 915 3758 la
928 3702 1048 3758 scultura
1066 3702 1188 3775 egiziana

117 3788 206 3844 antica
232 3805 287 3844 nou
314 3791 445 3862 prodesse
470 3793 538 3849 altro
563 3793 611 3849 che
630 3799 718 3849 statue
741 3791 875 3860 colossali,
895 3807 975 3848 senza
1000 3791 1057 3848 vita
1075 3808 1089 3848 e
1107 3807 1188 3849 senza

116 3877 290 3945 morimonte,
310 3894 384 3936 corne
406 3895 473 3937 sono
496 3891 618 3954 appunto
637 3882 725 3955 quelle
743 3880 771 3937 di
791 3881 870 3951 Tabe,
888 3881 915 3938 la
931 3880 1048 3940 betleem
1066 3881 1188 3941 artistiea

117 3963 183 4023 delle
200 3965 276 4039 quali
297 3983 361 4039 pare
380 3969 428 4026 ohe
447 3971 486 4028 sia
506 3970 673 4028 dotl’autoro
690 3977 837 4042 ausgerus.
