2932 4728
737 313 914 379 ..34-

284 492 354 574 pue
377 488 466 572 vulgo
483 507 563 556 nunc
582 491 717 558 Giricum
733 489 870 555 vocitem.
894 491 928 554 ln
952 508 1011 574 qua
1034 489 1119 556 Paris
1142 463 1362 561 Pri‘amiidius

295 595 441 660 Helenam
464 595 593 680 rapiens,
617 604 651 660 ut
673 593 815 660 liliuma
838 595 943 660 Grecis
967 604 1155 661 everteretur
1181 617 1269 664 causa
1284 597 1361 691 duit.

294 703 495 782 &arpentum
509 720 632 786 quoque
648 703 796 778 liborium,
816 703 963 784 Cyprum,
980 704 1161 784 Pettopoucsi
1172 724 1224 768 eeu
1237 703 1363 772 Morene

293 806 403 872 urbem
433 807 481 892 (i)
510 810 710 884 Metbonum,
752 807 810 872 sub
840 809 1030 876 Venetorum
1061 807 1172 873 ditione
1203 809 1361 893 positam,

293 911 468 978 triremibus
491 911 679 997 navibusque
705 911 922 997 contingamus.
941 913 1063 978 Seretioc
1085 913 1210 978 civitatis
1226 913 1362 979 Turcha·

294 1038 385 1093 rum,
417 1019 501 1084 sinus
532 1003 737 1104 navigantibus
771 1038 842 1084 sanc
878 1017 1109 1085 infestissimum
1140 1021 1235 1086 ventis
1269 1029 1362 1105 atque

265 1161 267 1166 ·
294 1126 444 1212 procellis,
463 1127 682 1213 transnavigare
705 1135 822 1213 oportet
845 1147 908 1205 nes,
925 1127 1104 1212 priusquam
1131 1129 1275 1210 Cyprium
1291 1146 1362 1212 pcr-

295 1232 451 1298 ueniamus
475 1232 615 1299 insulam.
1312 1301 1334 1307 .,

383 1339 560 1406 erdocicua.
585 1341 688 1419 Quum
712 1339 854 1425 Cypriam
878 1358 1099 1406 commemores
1122 1339 1251 1406 insulam
1277 1349 1364 1405 atrox

294 1442 380 1520 illud,
405 1444 568 1530 dirumque
592 1444 673 1510 subit
696 1447 727 1511 in
751 1456 885 1512 mentem
902 1446 1067 1531 praelium3
1085 1465 1146 1532 que
1169 1446 1250 1522 idue,
1267 1465 1364 1530 paene

294 1557 398 1614 exacto
420 1548 480 1614 iam
506 1549 645 1627 triennio,
669 1551 916 1616 truculentissmo
942 1560 976 1616 ιιι
998 1550 1220 1628 denuntiante,
1244 1550 1365 1626 contriti

294 1653 381 1720 inere
404 1656 568 1721 lanueuses
591 1677 607 1720 a
630 1656 765 1734 Venetis,
780 1675 913 1742 quorum
930 1656 960 1721 in
977 1656 1104 1722 navibus
1128 1665 1156 1721 te
1181 1665 1251 1722 tunc
1267 1655 1364 1720 fuisse

295 1760 475 1845 accepimus.
498 1764 617 1842 Quaeso
631 1771 734 1830 autom
750 1771 783 1829 ut
797 1781 916 1848 pugnae
938 1780 1070 1839 causam,
1095 1761 1233 1828 ordinem
1256 1761 1364 1837 atroci·

296 1875 387 1932 tatem
410 1887 471 1953 quc
494 1887 660 1935 recenseas.
684 1867 732 1954 (Ξ)

384 1971 567 2039 Auernae.
591 1972 773 2038 saevissimo
797 1971 867 2037 huic
890 1969 1035 2057 equidem
1051 1971 1172 2038 interfui
1196 1972 1364 2049 certamini.

296 2077 332 2144 In
355 2096 416 2161 quo
447 2078 549 2162 plane.
566 2077 604 2142 ita
636 2085 803 2162 pugnatum
835 2087 890 2153 est,
917 2086 952 2142 ut
981 2077 1079 2143 acrius
1109 2097 1170 2144 non
1201 2087 1305 2163 posset
1328 2097 1365 2143 err

296 2189 425 2266 utraque
448 2191 531 2268 parte
554 2182 691 2268 pugnari.
720 2182 782 2249 Sed
806 2182 859 2267 qui
882 2183 967 2268 prius
990 2183 1169 2248 micantibus
1193 2184 1365 2270 strictisque

296 2287 402 2375 gladiis
425 2309 497 2354 suos
523 2289 699 2354 minitabant
720 2287 916 2366 adversarios,
934 2299 1086 2374 postremo
1109 2288 1181 2366 iusi
1198 2288 1301 2373 fugati,
1319 2310 1370 2354 su·

297 2397 402 2484 perati‚
434 2396 572 2464 acerbam
601 2405 733 2461 mortem
764 2395 944 2466 occubuere.
968 2398 1051 2463 Vana
1081 2395 1194 2481 quippe
1226 2405 1272 2460 est
1299 2395 1365 2460 sine

293 2503 451 2571 ''viribus
444 2524 496 2568 rra.
528 2503 640 2569 initum
671 2511 773 2569 autem
803 2511 906 2568 contra
937 2504 1101 2568 lanuenses
1132 2511 1177 2566 est
1199 2523 1215 2566 a
1238 2501 1366 2570 Venetis

297 2610 457 2698 praelium,
473 2630 570 2697 quum
582 2608 607 2695 ji
623 2629 694 2678 cum
711 2608 739 2674 vi
754 2628 873 2674 summa
895 2608 1063 2674 niterentur
1078 2608 1108 2673 in
1125 2606 1237 2692 Cyprio
1252 2608 1364 2686 littere,

297 2718 443 2783 adversus
458 2717 624 2784 Dictatores
636 2718 826 2785 Venetorum
842 2714 1019 2798 imperium,
1036 2734 1145 2799 aequas
1160 2713 1199 2778 ob
1217 2712 1365 2798 potandos

305 2896 500 2915 ῌ

293 3033 296 3040 .
368 2990 407 3060 (ι)
428 2989 457 3046 L’
469 2987 559 3045 antica
577 2985 711 3055 Methone,
730 3003 780 3054 ora
794 2981 917 3055 bdodene,
938 2994 1048 3060 portua
1067 2985 1183 3043 fortezza
1201 2985 1366 3060 importanti
1402 3022 1404 3025 -

296 3077 369 3137 netu
387 3079 486 3144 Mersa,
504 3077 616 3134 rimasta
633 3076 661 3133 in
674 3091 740 3148 gran
752 3075 868 3148 parteai
887 3075 1034 3132 Veneriani
1053 3075 1124 3132 nelta
1143 3090 1209 3148 pace
1228 3073 1272 3131 dat
1287 3076 1365 3132 4479.

295 3223 298 3230 ,
371 3164 410 3235 (ι)
430 3165 468 3220 La
498 3163 598 3236 gelosia
620 3162 803 3222 commerciale
830 3179 844 3220 a
870 3162 983 3236 politica
1006 3170 1048 3218 ua
1072 3162 1216 3219 Genovae
1246 3160 1366 3220 Veneria

299 3253 393 3320 faceta
404 3253 429 3321 si
446 3251 497 3309 cha
513 3252 587 3308 l'una
604 3257 754 3308 sostenesse
766 3251 775 3306 i
788 3251 885 3308 nemici
903 3250 967 3308 deli’
980 3250 1058 3307 altra.
1071 3249 1083 3306 Ι
1096 3251 1229 3308 Genoresi
1248 3251 1273 3306 si
1290 3250 1366 3308 rifiu·

293 3331 396 3406 ,tarouo
413 3341 458 3398 nel
476 3341 543 3398 7484
562 3339 591 3397 di
607 3354 763 3398 concurrere
781 3327 833 3406 alla
851 3340 968 3397 cruciata
986 3339 1036 3396 cha
1053 3355 1140 3398 avara
1158 3355 1207 3412 per
1224 3339 1318 3412 iscopo
1335 3339 1366 3396 di
1448 3331 1449 3380 ³

299 3447 450 3506 espugnare
472 3431 498 3489 la
522 3430 638 3490 Vettona
655 3446 670 3486 e
687 3435 728 3486 tro
751 3428 816 3486 anui
834 3428 929 3502 prima,
949 3428 993 3486 net
1016 3428 1093 3499 4477,
1112 3444 1187 3486 come
1210 3428 1269 3486 dice
1295 3428 1366 3485 irate
1448 3419 1449 3494 ff

300 3521 482 3590 dlessandro,
506 3521 714 3580 sosteuevanoi
736 3521 861 3594 Cipriotti
887 3521 937 3578 ebe
960 3535 1015 3577 uon
1041 3520 1175 3584 vuievano
1198 3537 1314 3594 saperne
1338 3520 1366 3576 di
1448 3545 1449 3584 ς

295 3606 464 3677 'Veneriano
481 3610 560 3684 quala
584 3607 690 3668 arendo
706 3606 770 3665 dato
787 3610 831 3666 nel
851 3609 920 3666 4470
943 3607 1088 3668 Cattsriua
1104 3608 1225 3684 Corneto
1249 3623 1366 3679 spesaa
1448 3651 1449 3682 p

271 3696 429 3754 ¹-Giacomo
446 3697 502 3764 ιιι,
527 3697 632 3755 mirera
650 3696 684 3753 ad
703 3695 895 3770 impsdrouirsi
913 3696 974 3754 detl’
988 3697 1063 3764 isola,
1078 3711 1155 3756 come
1172 3697 1228 3756 icco
1251 3697 1300 3769 poi
1318 3696 1367 3769 piri
1448 3687 1449 3764 j

302 3780 374 3840 endi
391 3783 434 3841 uel
453 3783 532 3840 4489.
550 3783 650 3842 lnoitre
668 3783 779 3851 Genera
804 3781 909 3840 avendo
932 3783 1047 3856 perduto
1065 3784 1109 3842 nel
1132 3784 1201 3842 4467
1218 3783 1246 3840 la
1263 3783 1334 3840 ritca
1352 3800 1366 3848 c
1448 3789 1449 3856 ᾗ

304 3871 426 3929 vaterosa
444 3871 549 3931 colonia
561 3873 588 3931 di
599 3873 761 3947 -Famagosta
779 3875 889 3931 tentare
908 3871 935 3932 in
955 3872 1172 3948 quelwtempodi
1192 3871 1368 3954 rieupcrarie⁴
1448 3861 1449 3946 Ῑ
