2970 4730
585 364 759 429 ..77-

134 545 183 611 illc
206 543 341 610 infantili.
355 543 528 628 ignorantia,
545 553 626 610 rotae
646 540 841 631 approprians
865 542 1047 623 incurrenti,
1080 557 1205 632 repento

135 649 240 736 ligneis
262 650 403 717 dentibus
427 651 616 737 implicatus,
641 651 795 737 praecipiti
818 671 910 720 cursu
934 653 964 718 in
988 653 1069 720 fonte
1093 657 1206 720 rotatus

134 768 198 836 est,
222 777 450 843 aequarumque
483 758 600 844 gurgite
624 773 760 836 mersus,
792 759 933 826 continuo
956 760 1045 826 vitam
1069 762 1205 826 exalavit.

134 869 236 946 Quem
256 884 327 932 cum
350 868 445 934 Mater
469 867 591 934 veniens
614 867 791 934 suffocatum
820 867 924 954 aequis
947 867 977 932 in
1001 867 1082 933 fonte
1105 868 1205 952 despi-

134 980 230 1048 ceret,
256 991 377 1037 summo
400 970 504 1038 allecta
525 991 678 1050 maerore,
703 973 869 1038 exanimata
892 972 1018 1039 dicebat:
1041 993 1060 1038 o
1081 992 1131 1038 mc
1154 971 1207 1037 mi-

135 1095 235 1142 seram
259 1077 360 1152 nimis,
383 1077 546 1143 mulierem
561 1077 813 1144 infelicissimam!
838 1077 934 1144 Hodie
957 1097 1018 1163 quo
1042 1079 1103 1144 sola
1125 1077 1206 1145 abiit

135 1184 214 1263 Quid
239 1183 358 1248 insana!
382 1183 462 1264 Quid
492 1203 596 1250 amens
618 1185 710 1270 aegia
740 1185 906 1251 Parvulum
929 1186 1017 1250 stulta
1040 1181 1205 1270 dereliquit

135 1292 159 1358 0
183 1289 229 1356 fili
253 1291 313 1354 mil
338 1301 463 1377 propter
486 1311 536 1364 me
558 1301 688 1358 mortem
711 1290 888 1359 occubuisti.
912 1294 1040 1377 Propter
1063 1311 1127 1368 me,
1151 1289 1206 1361 sili,¹

134 1396 225 1460 vitam
249 1396 410 1462 immatura
434 1406 530 1463 morte
543 1397 644 1464 finisti.
666 1398 730 1483 Ego
745 1406 814 1463 tuae
836 1397 926 1464 morti
950 1417 1069 1463 causam
1093 1395 1206 1462 exibui.

134 1505 201 1583 Quo
227 1522 308 1568 nunc
332 1523 457 1588 pergam
487 1504 685 1570 maestissima
709 1504 832 1570 mater‘l
855 1502 950 1589 Cujus
976 1503 1136 1569 consilium
1159 1503 1207 1568 vel

134 1607 282 1673 auxilium
307 1607 475 1693 implorabo
490 1609 603 1674 mulier
623 1608 750 1676 infelix?
773 1611 840 1689 Quo
859 1607 1051 1693 confugiant
1074 1610 1140 1688 Quo
1155 1627 1207 1673 me

134 1715 281 1780 vertam‘l
303 1715 344 1782 Ut
366 1714 441 1780 mihi
460 1715 596 1781 reddaris
611 1715 655 1781 lili
679 1715 722 1780 mi
738 1715 827 1780 etiam
852 1715 900 1780 vel
923 1715 1112 1780 defunctus?
1127 1717 1207 1781 llaec

134 1824 189 1890 ista
212 1825 400 1910 ingeminans
423 1824 566 1891 lundebat
591 1824 750 1890 lachrimas
774 1833 804 1890 et
826 1825 909 1909 largo
934 1822 1126 1906 humectalpat
1148 1822 1206 1888 llu-

135 1931 216 1995 mine
240 1931 367 2005 vultum,
386 1931 538 2016 unguibus
555 1952 606 1997 ora
622 1931 742 1996 laedans
758 1940 788 1996 et
802 1929 933 1996 tundens
950 1939 1069 2015 pectora
1086 1928 1206 2015 pugnis.

134 2039 217 2128 Dum
241 2037 284 2103 sic
306 2037 482 2103 lachrimosa
506 2037 645 2115 dederet,
670 2047 700 2104 et
726 2057 864 2103 maerore
888 2037 992 2111 nimio,
1017 2055 1095 2121 pene
1118 2033 1209 2100 contis

133 2153 265 2221 teretur,
290 2145 431 2210 continuo
448 2145 541 2210 subiit
557 2145 587 2211 in
603 2153 737 2210 mentem
754 2145 834 2210 hunc
850 2163 916 2210 esse
932 2144 1067 2229 Virginis
1083 2142 1206 2209 fontem.

134 2253 191 2318 llic
215 2253 343 2318 Matrem
366 2253 437 2318 Iesu
454 2252 568 2318 diutius
584 2251 740 2328 insedisse,
757 2250 805 2318 hic
832 2251 998 2337 piissimam
1021 2250 1208 2317 Genitricem

134 2378 265 2444 parvum
282 2361 384 2425 lesum
401 2358 500 2425 abdito
523 2361 587 2425 loco
603 2360 724 2434 celasse,
742 2379 780 2424 ne
803 2359 880 2424 lorte
897 2357 1049 2443 quaesitus
1064 2378 1080 2422 a
1105 2365 1207 2422 trucu-

133 2464 310 2529 lentissimis
327 2465 416 2549 Regis
433 2464 528 2550 iniqui
544 2464 687 2529 ministris
703 2463 889 2529 inveniretur
908 2462 1100 2527 occidendus.
1118 2460 1208 2526 Cum·

133 2588 196 2654 que
220 2568 334 2633 mulier
357 2568 430 2635 haec
446 2578 476 2634 et
491 2567 639 2654 ejusmodi
655 2568 709 2634 alia
726 2586 829 2632 secum
849 2567 932 2632 tacita
944 2575 1207 2642 commemoraret,

132 2675 173 2738 ita
198 2673 306 2739 devota
322 2683 424 2738 monte
440 2673 634 2740 Beatissimae
651 2673 762 2741 Mariae
786 2691 857 2737 mox
880 2670 1018 2746 allicitur,
1042 2679 1076 2735 ut
1097 2670 1136 2736 ob
1159 2670 1207 2735 sui

132 2780 262 2865 gloriam
286 2789 352 2845 voto
376 2780 529 2864 spondeat,
555 2779 665 2848 bovem
688 2799 721 2844 se
742 2779 889 2854 daturam,
913 2777 966 2864 qui
994 2776 1207 2842 exhauriendis

131 2906 173 2960 111
196 2884 279 2951 fonte
302 2887 426 2971 ecquis,
458 2886 610 2952 indefesso
634 2886 675 2952 ibi
699 2885 801 2954 labore
832 2885 941 2970 iugiter
963 2893 1157 2970 permaneat,
1182 2882 1208 2948 si

131 2992 226 3058 modo
250 2991 307 3057 sihi
330 2993 411 3059 filius
438 2995 573 3061 restituat
599 2995 768 3061 incolumis.
786 2995 810 3061 0
828 3014 894 3060 rem
918 2993 998 3060 dictu
1022 2990 1207 3059 mirabilem!

132 3099 195 3167 Vix
219 3108 323 3164 votum
346 3099 478 3178 lecerat,
505 3102 553 3166 vix
577 3102 702 3168 Mariam
726 3103 932 3178 invocaverat,
956 3100 1006 3166 vix
1030 3101 1095 3166 eius
1119 3120 1209 3186 opem

132 3215 322 3291 exposcerat,
347 3207 453 3273 cadem
477 3229 554 3294 quae
578 3208 660 3275 lonte
683 3209 714 3273 in
738 3209 801 3274 imo
818 3218 880 3274 rota
897 3209 1066 3274 detraxerat
1088 3206 1208 3285 filium,

132 3331 207 3378 mox
232 3314 320 3378 matri
343 3333 414 3380 eum
438 3335 547 3400 supera
567 3315 672 3394 ¹vivum
695 3315 868 3400 laetumque
892 3313 1030 3380 restituit.

227 3419 409 3485 ludovicus.
423 3420 541 3496 Fateor,
564 3440 670 3506 magna
688 3440 757 3486 sum
773 3419 912 3504 voluptati
934 3417 1109 3503 perfunctus
1132 3437 1209 3504 quo·

134 3525 219 3590 niam
243 3524 295 3591 abs
320 3536 349 3591 tc
372 3527 491 3592 audiam
517 3528 691 3604 Saracenos,
722 3535 801 3592 tanta
824 3525 860 3591 ad
883 3525 1057 3611 Carystum,
1081 3523 1209 3611 eiusque

135 3632 359 3698 sanctissimam
382 3634 557 3718 genitricem
574 3633 651 3699 affici
670 3633 836 3709 devotione,
861 3651 920 3717 qua
943 3631 1031 3696 etiam
1055 3630 1209 3696 miraculis

137 3738 273 3804 rutilent.
298 3739 418 3806 Verum
441 3760 521 3805 nunc
538 3760 608 3805 rero
631 3739 727 3805 miror
746 3738 912 3804 Dominum
936 3740 1037 3803 lesum
1060 3757 1131 3806 cum
1151 3757 1210 3803 ma·

138 3851 184 3910 tre
207 3844 324 3911 diutius
348 3844 377 3910 in
401 3847 530 3933 AEgypto
552 3856 724 3925 moratum,
756 3845 816 3912 non
851 3844 1031 3931 quamplura
1061 3843 1210 3910 aedidisso

140 3952 293 4018 miracula.
527 3963 530 3968 '
