2970 4730
574 309 748 392 ..95-

121 495 212 564 liores
236 518 303 565 esse
326 498 517 566 crediderim.
542 503 676 581 Quarum
700 502 808 587 prima,
825 502 906 588 quod
923 504 1086 572 etesiarum
1111 515 1186 571 torn·

119 624 202 689 porc,
229 605 393 672 exadverso
416 607 563 684 flantium,
587 628 768 694 repercussu
794 610 872 674 ultro
896 610 926 675 in
958 611 1019 676 Nili
1042 632 1092 676 ora
1124 621 1187 677 acto

120 713 207 789 mari,
224 721 290 777 tum
308 713 438 778 maxime
449 714 537 779 Nilus
553 715 739 780 intumescat.
758 714 859 780 Altera
874 736 955 793 vero,
973 717 1053 803 quod
1069 718 1188 783 aestivis

119 816 306 902 Aethyopiae
329 817 488 895 imbribus,
513 827 564 885 aut
586 820 652 885 lacu
676 819 784 885 Nilidis
807 820 1001 898 increscente,
1019 822 1139 907 nymhis
1157 831 1187 887 et

120 921 237 986 nivium
261 923 438 1000 manatione,
462 923 539 989 sicut
554 943 642 1010 saepe
659 925 850 991 observatum
867 935 921 1001 est,
938 947 1034 1012 aeque
1051 937 1080 993 et
1100 929 1188 994 Nilus

121 1036 279 1113 augescat,
304 1037 393 1114 atque
411 1028 520 1108 ‚dietim
544 1029 728 1096 incrementa
752 1032 902 1116 suscipiat.
928 1031 1060 1118 Cujusve
1084 1044 1187 1100 auctus
1221 1067 1228 1082 ·

121 1153 176 1217 per
199 1142 308 1218 puteos
331 1153 492 1200 mensurae
515 1136 593 1202 notis
617 1136 863 1221 deprehenditur.
882 1140 1001 1224 Quique
1026 1139 1186 1207 duodecim

121 1243 146 1308 si
169 1241 283 1308 luerint
306 1243 478 1309 cubitorum
501 1243 612 1310 famem
634 1246 733 1322 sentit,
758 1245 783 1311 si
807 1245 952 1311 tredecim
975 1266 1034 1311 non
1058 1247 1186 1323 aesurit,

121 1347 145 1420 si
169 1348 399 1433 quatuordecim
421 1348 602 1416 hilaritatem
619 1350 713 1429 affert,
738 1351 762 1416 si
786 1351 960 1438 quindecim
984 1353 1186 1430 securitatem,

121 1455 144 1519 si
167 1454 303 1520 sedecim
326 1456 509 1541 opulentiam
532 1465 621 1542 atque
644 1456 776 1522 delicias
798 1460 894 1523 Porro
911 1457 1083 1543 Aegyptum
1100 1459 1187 1523 multi

120 1561 198 1630 inter
221 1561 333 1628 insulas
356 1563 510 1641 retulere,
534 1562 617 1649 quod
640 1564 750 1641 Nilus,
774 1563 840 1629 eius
863 1562 1037 1629 inferiorem
1061 1573 1187 1648 partem,

120 1665 225 1732 dextra
249 1668 374 1754 levaque
397 1668 510 1735 divisus
533 1670 693 1754 complexu
727 1689 782 1734 suo
801 1668 1014 1747 determinat,
1040 1668 1187 1755 Canopico

119 1772 217 1838 hostio
240 1773 277 1838 ab
300 1772 421 1852 Affrica,
437 1774 474 1839 ab
490 1773 561 1840 Asia
585 1774 739 1840 Pelusiaco
763 1783 887 1840 centum
910 1775 1095 1860 septuaginta
1118 1775 1186 1840 mil·

119 1876 196 1942 lium
219 1897 364 1962 passuum
387 1879 552 1957 intervallo,
569 1900 630 1966 quo
645 1880 824 1965 triquetram
847 1889 946 1945 terrae
969 1880 1097 1966 figuram
1122 1879 1186 1946 elli·

119 1983 185 2048 ciat.
210 1984 258 2050 Ob
281 2005 373 2070 quam
396 2005 462 2052 rem
485 1987 616 2052 Graecae
640 1985 756 2052 litterae
781 1985 925 2052 vocabulo
948 1987 1066 2051 Deltam
1089 1986 1188 2071 Aegy:

120 2093 162 2176 pti
185 2094 374 2179 appellavere
397 2095 542 2171 nonnulli,
567 2092 761 2179 quodetiam
785 2102 853 2159 ante
878 2093 1010 2158 diximus
1034 2091 1093 2180 (l).

208 2201 387 2266 [rudovicus.
412 2199 559 2266 Animalia
582 2199 670 2266 bruta
701 2217 779 2286 quae
811 2199 986 2266 admiranda
1010 2208 1040 2265 et
1063 2221 1079 2266 a
1101 2199 1187 2268 nohis

117 2309 213 2374 invisa
236 2317 316 2385 sunt,
331 2308 512 2395 quamplura
535 2309 627 2394 Kayri
645 2329 721 2386 esse,
738 2329 828 2394 saepe
843 2307 880 2373 ad
896 2329 950 2382 uos
966 2309 1116 2394 perlatum
1132 2317 1187 2373 cst.

207 2414 388 2481 Alccncdcr.
412 2416 455 2482 lta
475 2424 520 2481 est
534 2414 681 2500 prolecto,
699 2414 830 2500 plurima
846 2414 1015 2490 animantia,
1033 2433 1110 2499 quae
1126 2433 1188 2479 non
1280 2451 1287 2471 ‚

117 2520 168 2586 alit
190 2521 282 2598 ltalia,
306 2521 400 2606 Kayri
422 2521 625 2587 inveniuntur.
646 2520 784 2586 Tametsi
808 2520 898 2584 tellus
921 2517 1067 2604 Aegyptia
1091 2509 1187 2599 exiis

117 2626 218 2693 omnia
240 2647 301 2693 non
323 2628 430 2714 gignat.
454 2628 556 2697 Veluti
580 2636 651 2693 sunt
676 2627 860 2711 elephantes,
885 2626 1051 2710 Geraphae,
1070 2627 1187 2692 Leones

118 2732 190 2818 picti
211 2740 300 2818 atque
322 2733 408 2810 asini,
432 2733 549 2810 simiae,
573 2734 629 2799 cati
652 2751 831 2818 maymones
855 2732 954 2798 etalii
978 2732 1043 2808 cati,
1067 2732 1121 2819 qui
1149 2751 1187 2796 ex

118 2859 151 2904 se
175 2838 251 2904 dum
273 2839 377 2905 irritati
401 2839 545 2906 sudorem
568 2839 772 2924 despumant,
807 2858 929 2904 suavem
965 2839 1061 2904 Zibeti
1094 2837 1188 2904 edunt

118 2948 256 3014 odorem.
279 2949 398 3015 Psittaci
423 2950 503 3015 vario
527 2949 626 3015 colore
650 2949 778 3034 plumati
801 2957 831 3013 et
853 2946 1028 3033 hujusmodi
1051 2945 1116 3011 alia.
1134 2945 1189 3011 Na·

117 3054 207 3119 vibus
230 3055 255 3120 si
278 3055 403 3141 quidem
426 3075 464 3121 ex
487 3056 570 3122 India
594 3057 766 3140 Kayrouam
789 3053 947 3139 perferunt
970 3062 1000 3118 ct
1024 3073 1063 3118 cx
1078 3051 1188 3117 Arabia

118 3161 257 3236 Deserta,
282 3161 470 3239 structiones
494 3160 654 3246 leopardis,
679 3161 828 3239 babuinis,
853 3160 950 3226 omnis
974 3160 1061 3246 Syria
1085 3158 1186 3244 ⁴legy·

118 3273 268 3351 ptumquc
291 3265 400 3331 referta
424 3275 478 3332 est.
503 3268 607 3336 Mures
631 3265 794 3332 Pharaonis
818 3265 871 3351 qui
895 3265 994 3351 parvis
1016 3263 1186 3349 vulpeculis

118 3408 333 3426 *-

117 3515 123 3522 .,
189 3478 230 3550 (1)
247 3478 410 3552 Dirimpetto
436 3494 453 3535 a
476 3478 589 3546 Fostat,
616 3476 660 3534 uel
687 3475 751 3533 Nilo
769 3478 785 3534 t
802 3477 820 3533 l’
834 3476 902 3534 isola
920 3475 1042 3546 Randah,
1073 3476 1126 3533 3113
1144 3475 1188 3534 cui

117 3565 257 3624 estremitt
275 3567 290 3623 d
307 3567 328 3623 il
346 3567 451 3624 Metrias
468 3584 486 3624 0
504 3566 662 3624 Nilometro.
683 3565 805 3622 Consiste
822 3565 851 3620 in
871 3581 926 3623 una
943 3565 1058 3621 celenna
1076 3565 1104 3622 di
1117 3580 1187 3620 mar·

117 3670 170 3731 mc,
189 3656 260 3712 sulla
276 3657 357 3730 quale
374 3673 440 3713 suno
458 3655 601 3729 segnatele
619 3654 725 3712 diverse
746 3655 845 3711 altezze
857 3653 927 3711 (13113
937 3654 1017 3728 piena
1036 3653 1078 3710 del
1096 3653 1187 3712 dume.

118 3743 233 3810 Quando
250 3743 386 3817 giungonc
402 3745 427 3802 13
446 3760 534 3818 acque
551 3743 597 3800 all'
609 3743 710 3800 altezza
728 3742 888 3810 desiderata,
907 3759 923 3798 3
941 3759 1027 3800 suono
1045 3743 1073 3800 di
1092 3744 1187 3800 musici

118 3828 272 3887 istrunaenti
291 3830 313 3886 si
332 3830 413 3902 taglia
431 3832 448 3887 l'
461 3831 561 3906 argine.
575 3832 611 3889 Le
623 3839 694 3889 tasse
712 3846 778 3888 souo
797 3830 845 3902 piri
858 3847 874 3886 ο
887 3846 967 3887 meno
981 3832 1057 3904 gravi
1071 3831 1188 3890 secondo

116 3916 142 3974 la
159 3917 268 3976 diversa
286 3919 387 3976 altezza
405 3918 472 3978 delle
491 3936 574 3994 acque
592 3921 707 3978 durante
725 3918 751 3977 la
769 3919 980 3977 innundazicuc.
