<?xml version="1.0" encoding="UTF-8"?>
<!DOCTYPE html PUBLIC "-//W3C//DTD XHTML 1.0 Transitional//EN"
    "http://www.w3.org/TR/xhtml1/DTD/xhtml1-transitional.dtd">
<html xmlns="http://www.w3.org/1999/xhtml" xml:lang="en" lang="en">
 <head>
  <title>
</title>
<meta http-equiv="Content-Type" content="text/html;charset=utf-8" />
  <meta name='ocr-system' content='tesseract 3.04.00' />
  <meta name='ocr-capabilities' content='ocr_page ocr_carea ocr_par ocr_line ocrx_word'/>
</head>
<body>
  <div class='ocr_page' id='page_1' title='image "./viaggionellasir00ariogoog_0137.png"; bbox 0 0 2970 4730; ppageno 0'>
   <div class='ocr_carea' id='block_1_1' title="bbox 706 351 882 418">
    <p class='ocr_par' dir='ltr' id='par_1_1' title="bbox 706 351 882 418">
     <span class='ocr_line' id='line_1_1' title="bbox 706 351 882 418; baseline 0 0"><span class='ocrx_word' id='word_1_1' title='bbox 706 351 882 418; x_wconf 64' lang='lat'>-132-2·</span> 
     </span>
    </p>
   </div>
   <div class='ocr_carea' id='block_1_2' title="bbox 258 524 1332 3995">
    <p class='ocr_par' dir='ltr' id='par_1_2' title="bbox 258 524 1332 3995">
     <span class='ocr_line' id='line_1_2' title="bbox 264 524 1332 620; baseline 0.001 -25"><span class='ocrx_word' id='word_1_2' title='bbox 264 529 372 596; x_wconf 85' lang='lat' dir='ltr'><strong>horror</strong></span> <span class='ocrx_word' id='word_1_3' title='bbox 387 529 468 595; x_wconf 92' lang='lat' dir='ltr'><strong>ullus</strong></span> <span class='ocrx_word' id='word_1_4' title='bbox 484 535 539 605; x_wconf 91' lang='lat' dir='ltr'><strong>est,</strong></span> <span class='ocrx_word' id='word_1_5' title='bbox 555 545 614 594; x_wconf 92' lang='lat' dir='ltr'><strong>non</strong></span> <span class='ocrx_word' id='word_1_6' title='bbox 630 525 739 612; x_wconf 84' lang='lat' dir='ltr'><strong>pudor3</strong></span> <span class='ocrx_word' id='word_1_7' title='bbox 755 525 837 612; x_wconf 94' lang='lat' dir='ltr'><strong>quod</strong></span> <span class='ocrx_word' id='word_1_8' title='bbox 853 524 969 592; x_wconf 89' lang='lat' dir='ltr'><strong>licitum</strong></span> <span class='ocrx_word' id='word_1_9' title='bbox 984 543 1051 620; x_wconf 84' lang='lat' dir='ltr'><strong>esse</strong></span> <span class='ocrx_word' id='word_1_10' title='bbox 1066 526 1180 612; x_wconf 79' lang='lat' dir='ltr'><strong>ceperit</strong></span> <span class='ocrx_word' id='word_1_11' title='bbox 1192 537 1241 596; x_wconf 86' lang='lat' dir='ltr'><strong>est</strong></span> <span class='ocrx_word' id='word_1_12' title='bbox 1255 529 1332 614; x_wconf 92' lang='lat' dir='ltr'><strong>pub·</strong></span> 
     </span>
     <span class='ocr_line' id='line_1_3' title="bbox 264 631 1328 719; baseline 0.002 -19"><span class='ocrx_word' id='word_1_13' title='bbox 264 634 388 702; x_wconf 90' lang='lat' dir='ltr'><strong>blicum.</strong></span> <span class='ocrx_word' id='word_1_14' title='bbox 405 634 593 701; x_wconf 89' lang='lat' dir='ltr'><strong>Consensere</strong></span> <span class='ocrx_word' id='word_1_15' title='bbox 611 631 681 718; x_wconf 88' lang='lat' dir='ltr'><strong>jura</strong></span> <span class='ocrx_word' id='word_1_16' title='bbox 703 633 840 719; x_wconf 90' lang='lat' dir='ltr'><strong>peccatis,</strong></span> <span class='ocrx_word' id='word_1_17' title='bbox 857 653 912 699; x_wconf 91' lang='lat' dir='ltr'><strong>nec</strong></span> <span class='ocrx_word' id='word_1_18' title='bbox 927 633 1152 702; x_wconf 87' lang='lat' dir='ltr'><strong>transeuntibus</strong></span> <span class='ocrx_word' id='word_1_19' title='bbox 1174 636 1328 714; x_wconf 79' lang='lat' dir='ltr'>exolescit,</span> 
     </span>
     <span class='ocr_line' id='line_1_4' title="bbox 264 739 1329 827; baseline 0 -21"><span class='ocrx_word' id='word_1_20' title='bbox 264 739 345 826; x_wconf 93' lang='lat' dir='ltr'><strong>quod</strong></span> <span class='ocrx_word' id='word_1_21' title='bbox 367 740 525 827; x_wconf 91' lang='lat' dir='ltr'><strong>aliquando</strong></span> <span class='ocrx_word' id='word_1_22' title='bbox 547 739 745 807; x_wconf 87' lang='lat' dir='ltr'><strong>commissum</strong></span> <span class='ocrx_word' id='word_1_23' title='bbox 767 747 822 804; x_wconf 89' lang='lat' dir='ltr'><strong>est.</strong></span> <span class='ocrx_word' id='word_1_24' title='bbox 842 739 1006 826; x_wconf 84' lang='lat' dir='ltr'><strong>Nunquam</strong></span> <span class='ocrx_word' id='word_1_25' title='bbox 1022 739 1104 804; x_wconf 86' lang='lat' dir='ltr'><strong>enim</strong></span> <span class='ocrx_word' id='word_1_26' title='bbox 1120 740 1204 806; x_wconf 91' lang='lat' dir='ltr'><strong>senio</strong></span> <span class='ocrx_word' id='word_1_27' title='bbox 1219 740 1329 807; x_wconf 90' lang='lat' dir='ltr'><strong>delicta</strong></span> 
     </span>
     <span class='ocr_line' id='line_1_5' title="bbox 262 843 1327 932; baseline 0 -22"><span class='ocrx_word' id='word_1_28' title='bbox 262 845 405 922; x_wconf 82' lang='lat' dir='ltr'><strong>morium,</strong></span> <span class='ocrx_word' id='word_1_29' title='bbox 429 845 498 932; x_wconf 93' lang='lat' dir='ltr'><strong>quia</strong></span> <span class='ocrx_word' id='word_1_30' title='bbox 522 843 611 910; x_wconf 95' lang='lat' dir='ltr'><strong>modo</strong></span> <span class='ocrx_word' id='word_1_31' title='bbox 633 844 711 910; x_wconf 89' lang='lat' dir='ltr'><strong>inter</strong></span> <span class='ocrx_word' id='word_1_32' title='bbox 726 852 867 909; x_wconf 78' lang='lat' dir='ltr'>nocentes</span> <span class='ocrx_word' id='word_1_33' title='bbox 882 843 1039 909; x_wconf 81' lang='lat' dir='ltr'><strong>innoxium</strong></span> <span class='ocrx_word' id='word_1_34' title='bbox 1054 863 1122 910; x_wconf 89' lang='lat' dir='ltr'><strong>esse</strong></span> <span class='ocrx_word' id='word_1_35' title='bbox 1137 844 1254 911; x_wconf 84' lang='lat' dir='ltr'><strong>crimen</strong></span> <span class='ocrx_word' id='word_1_36' title='bbox 1270 854 1327 912; x_wconf 89' lang='lat' dir='ltr'><strong>est.</strong></span> 
     </span>
     <span class='ocr_line' id='line_1_6' title="bbox 262 947 1329 1036; baseline 0 -19"><span class='ocrx_word' id='word_1_37' title='bbox 262 949 304 1017; x_wconf 80' lang='lat' dir='ltr'><strong>At</strong></span> <span class='ocrx_word' id='word_1_38' title='bbox 314 950 447 1016; x_wconf 86' lang='lat' dir='ltr'><strong>minores</strong></span> <span class='ocrx_word' id='word_1_39' title='bbox 459 949 636 1036; x_wconf 90' lang='lat' dir='ltr'><strong>praesertim</strong></span> <span class='ocrx_word' id='word_1_40' title='bbox 648 949 788 1015; x_wconf 81' lang='lat' dir='ltr'><strong>Saraceni</strong></span> <span class='ocrx_word' id='word_1_41' title='bbox 800 947 985 1014; x_wconf 83' lang='lat' dir='ltr'><strong>formidolosi</strong></span> <span class='ocrx_word' id='word_1_42' title='bbox 996 949 1087 1016; x_wconf 90' lang='lat' dir='ltr'><strong>nimis</strong></span> <span class='ocrx_word' id='word_1_43' title='bbox 1103 949 1329 1036; x_wconf 82' lang='lat' dir='ltr'><strong>effeminatique</strong></span> 
     </span>
     <span class='ocr_line' id='line_1_7' title="bbox 263 1053 1332 1141; baseline 0 -19"><span class='ocrx_word' id='word_1_44' title='bbox 263 1053 343 1124; x_wconf 90' lang='lat' dir='ltr'><strong>sunt:</strong></span> <span class='ocrx_word' id='word_1_45' title='bbox 360 1055 470 1141; x_wconf 92' lang='lat' dir='ltr'><strong>cupidi,</strong></span> <span class='ocrx_word' id='word_1_46' title='bbox 494 1053 639 1132; x_wconf 85' lang='lat' dir='ltr'><strong>iracundi,</strong></span> <span class='ocrx_word' id='word_1_47' title='bbox 663 1054 849 1140; x_wconf 89' lang='lat' dir='ltr'><strong>quaerulosi,</strong></span> <span class='ocrx_word' id='word_1_48' title='bbox 874 1053 1035 1132; x_wconf 87' lang='lat' dir='ltr'><strong>libidinosi,</strong></span> <span class='ocrx_word' id='word_1_49' title='bbox 1058 1054 1228 1132; x_wconf 85' lang='lat' dir='ltr'><strong>mendaces,</strong></span> <span class='ocrx_word' id='word_1_50' title='bbox 1252 1055 1332 1122; x_wconf 85' lang='lat' dir='ltr'><strong>desi·</strong></span> 
     </span>
     <span class='ocr_line' id='line_1_8' title="bbox 263 1159 1329 1248; baseline -0.004 -20"><span class='ocrx_word' id='word_1_51' title='bbox 263 1162 329 1228; x_wconf 89' lang='lat' dir='ltr'><strong>diae</strong></span> <span class='ocrx_word' id='word_1_52' title='bbox 344 1163 464 1248; x_wconf 91' lang='lat' dir='ltr'><strong>penitus</strong></span> <span class='ocrx_word' id='word_1_53' title='bbox 480 1170 509 1227; x_wconf 98' lang='lat' dir='ltr'><strong>et</strong></span> <span class='ocrx_word' id='word_1_54' title='bbox 523 1161 628 1247; x_wconf 85' lang='lat' dir='ltr'><strong>ignavo</strong></span> <span class='ocrx_word' id='word_1_55' title='bbox 644 1159 703 1226; x_wconf 90' lang='lat' dir='ltr'><strong>otio</strong></span> <span class='ocrx_word' id='word_1_56' title='bbox 718 1159 822 1226; x_wconf 90' lang='lat' dir='ltr'><strong>dediti.</strong></span> <span class='ocrx_word' id='word_1_57' title='bbox 841 1159 956 1226; x_wconf 84' lang='lat' dir='ltr'><strong>Arabes</strong></span> <span class='ocrx_word' id='word_1_58' title='bbox 972 1159 1025 1246; x_wconf 92' lang='lat' dir='ltr'><strong>qui</strong></span> <span class='ocrx_word' id='word_1_59' title='bbox 1040 1159 1118 1226; x_wconf 89' lang='lat' dir='ltr'><strong>inter</strong></span> <span class='ocrx_word' id='word_1_60' title='bbox 1133 1159 1187 1226; x_wconf 94' lang='lat' dir='ltr'><strong>hos</strong></span> <span class='ocrx_word' id='word_1_61' title='bbox 1203 1180 1329 1227; x_wconf 52' lang='lat' dir='ltr'><strong>versans</strong></span> 
     </span>
     <span class='ocr_line' id='line_1_9' title="bbox 263 1265 1330 1352; baseline -0.003 -17"><span class='ocrx_word' id='word_1_62' title='bbox 263 1278 314 1335; x_wconf 90' lang='lat' dir='ltr'><strong>tur</strong></span> <span class='ocrx_word' id='word_1_63' title='bbox 335 1267 519 1345; x_wconf 89' lang='lat' dir='ltr'><strong>crudelitate,</strong></span> <span class='ocrx_word' id='word_1_64' title='bbox 543 1266 645 1352; x_wconf 90' lang='lat' dir='ltr'><strong>rapina</strong></span> <span class='ocrx_word' id='word_1_65' title='bbox 668 1275 699 1332; x_wconf 90' lang='lat' dir='ltr'><strong>et</strong></span> <span class='ocrx_word' id='word_1_66' title='bbox 721 1265 886 1351; x_wconf 80' lang='lat' dir='ltr'><strong>arrogantia</strong></span> <span class='ocrx_word' id='word_1_67' title='bbox 910 1265 1001 1351; x_wconf 90' lang='lat' dir='ltr'><strong>pleni,</strong></span> <span class='ocrx_word' id='word_1_68' title='bbox 1025 1265 1138 1350; x_wconf 91' lang='lat' dir='ltr'><strong>publici</strong></span> <span class='ocrx_word' id='word_1_69' title='bbox 1153 1275 1224 1332; x_wconf 89' lang='lat' dir='ltr'><strong>sunt</strong></span> <span class='ocrx_word' id='word_1_70' title='bbox 1245 1286 1330 1334; x_wconf 90' lang='lat' dir='ltr'><strong>cras·</strong></span> 
     </span>
     <span class='ocr_line' id='line_1_10' title="bbox 263 1369 1329 1458; baseline -0.005 -17"><span class='ocrx_word' id='word_1_71' title='bbox 263 1382 393 1449; x_wconf 89' lang='lat' dir='ltr'><strong>satores,</strong></span> <span class='ocrx_word' id='word_1_72' title='bbox 417 1371 529 1458; x_wconf 90' lang='lat' dir='ltr'><strong>passim</strong></span> <span class='ocrx_word' id='word_1_73' title='bbox 551 1370 734 1447; x_wconf 90' lang='lat' dir='ltr'><strong>discurrunt,</strong></span> <span class='ocrx_word' id='word_1_74' title='bbox 759 1369 887 1455; x_wconf 89' lang='lat' dir='ltr'><strong>rapiunt,</strong></span> <span class='ocrx_word' id='word_1_75' title='bbox 912 1379 1065 1455; x_wconf 89' lang='lat' dir='ltr'><strong>occupant.</strong></span> <span class='ocrx_word' id='word_1_76' title='bbox 1089 1370 1257 1436; x_wconf 88' lang='lat' dir='ltr'><strong>Praedandi</strong></span> <span class='ocrx_word' id='word_1_77' title='bbox 1279 1371 1329 1436; x_wconf 91' lang='lat' dir='ltr'><strong>bis</strong></span> 
     </span>
     <span class='ocr_line' id='line_1_11' title="bbox 263 1475 1332 1563; baseline 0.001 -19"><span class='ocrx_word' id='word_1_78' title='bbox 263 1478 413 1545; x_wconf 85' lang='lat' dir='ltr'><strong>simulatio</strong></span> <span class='ocrx_word' id='word_1_79' title='bbox 435 1477 528 1555; x_wconf 91' lang='lat' dir='ltr'><strong>nulla,</strong></span> <span class='ocrx_word' id='word_1_80' title='bbox 551 1477 634 1543; x_wconf 92' lang='lat' dir='ltr'><strong>nulla</strong></span> <span class='ocrx_word' id='word_1_81' title='bbox 655 1477 812 1554; x_wconf 87' lang='lat' dir='ltr'><strong>cunctatio,</strong></span> <span class='ocrx_word' id='word_1_82' title='bbox 838 1476 923 1563; x_wconf 93' lang='lat' dir='ltr'><strong>quasi</strong></span> <span class='ocrx_word' id='word_1_83' title='bbox 946 1475 978 1542; x_wconf 92' lang='lat' dir='ltr'><strong>id</strong></span> <span class='ocrx_word' id='word_1_84' title='bbox 1002 1476 1045 1542; x_wconf 90' lang='lat' dir='ltr'><strong>eis</strong></span> <span class='ocrx_word' id='word_1_85' title='bbox 1068 1476 1161 1542; x_wconf 89' lang='lat' dir='ltr'><strong>liceat.</strong></span> <span class='ocrx_word' id='word_1_86' title='bbox 1185 1478 1239 1546; x_wconf 89' lang='lat' dir='ltr'><strong>llis</strong></span> <span class='ocrx_word' id='word_1_87' title='bbox 1261 1498 1332 1563; x_wconf 89' lang='lat' dir='ltr'><strong>prc-</strong></span> 
     </span>
     <span class='ocr_line' id='line_1_12' title="bbox 262 1581 1327 1668; baseline -0.001 -17"><span class='ocrx_word' id='word_1_88' title='bbox 262 1584 348 1661; x_wconf 85' lang='lat' dir='ltr'><strong>leeto,</strong></span> <span class='ocrx_word' id='word_1_89' title='bbox 373 1583 475 1649; x_wconf 92' lang='lat' dir='ltr'><strong>nullus</strong></span> <span class='ocrx_word' id='word_1_90' title='bbox 498 1583 536 1649; x_wconf 93' lang='lat' dir='ltr'><strong>de</strong></span> <span class='ocrx_word' id='word_1_91' title='bbox 559 1582 676 1668; x_wconf 91' lang='lat' dir='ltr'><strong>legibus</strong></span> <span class='ocrx_word' id='word_1_92' title='bbox 698 1591 798 1647; x_wconf 90' lang='lat' dir='ltr'><strong>metus</strong></span> <span class='ocrx_word' id='word_1_93' title='bbox 820 1590 875 1660; x_wconf 87' lang='lat' dir='ltr'><strong>est,</strong></span> <span class='ocrx_word' id='word_1_94' title='bbox 907 1581 945 1648; x_wconf 90' lang='lat' dir='ltr'><strong>de</strong></span> <span class='ocrx_word' id='word_1_95' title='bbox 972 1581 1075 1667; x_wconf 90' lang='lat' dir='ltr'><strong>judice</strong></span> <span class='ocrx_word' id='word_1_96' title='bbox 1098 1602 1190 1668; x_wconf 91' lang='lat' dir='ltr'><strong>pavor</strong></span> <span class='ocrx_word' id='word_1_97' title='bbox 1213 1583 1327 1650; x_wconf 90' lang='lat' dir='ltr'><strong>nullus.</strong></span> 
     </span>
     <span class='ocr_line' id='line_1_13' title="bbox 262 1680 1329 1774; baseline -0.002 -18"><span class='ocrx_word' id='word_1_98' title='bbox 262 1691 331 1756; x_wconf 83' lang='lat' dir='ltr'><strong>Neo·</strong></span> <span class='ocrx_word' id='word_1_99' title='bbox 342 1690 492 1756; x_wconf 90' lang='lat' dir='ltr'><strong>Soldanus</strong></span> <span class='ocrx_word' id='word_1_100' title='bbox 507 1689 562 1756; x_wconf 91' lang='lat' dir='ltr'><strong>bos</strong></span> <span class='ocrx_word' id='word_1_101' title='bbox 577 1688 625 1754; x_wconf 93' lang='lat' dir='ltr'><strong>vel</strong></span> <span class='ocrx_word' id='word_1_102' title='bbox 642 1707 816 1774; x_wconf 84' lang='lat' dir='ltr'><strong>expugnare</strong></span> <span class='ocrx_word' id='word_1_103' title='bbox 839 1697 946 1774; x_wconf 92' lang='lat' dir='ltr'><strong>potest,</strong></span> <span class='ocrx_word' id='word_1_104' title='bbox 961 1680 1017 1753; x_wconf 85' lang='lat' dir='ltr'><strong>¹vel</strong></span> <span class='ocrx_word' id='word_1_105' title='bbox 1034 1688 1221 1773; x_wconf 89' lang='lat' dir='ltr'><strong>propulsare.</strong></span> <span class='ocrx_word' id='word_1_106' title='bbox 1238 1688 1329 1758; x_wconf 89' lang='lat' dir='ltr'><strong>Multi</strong></span> 
     </span>
     <span class='ocr_line' id='line_1_14' title="bbox 262 1793 1329 1880; baseline 0.001 -19"><span class='ocrx_word' id='word_1_107' title='bbox 262 1805 333 1861; x_wconf 92' lang='lat' dir='ltr'><strong>sunt</strong></span> <span class='ocrx_word' id='word_1_108' title='bbox 356 1804 386 1861; x_wconf 90' lang='lat' dir='ltr'><strong>et</strong></span> <span class='ocrx_word' id='word_1_109' title='bbox 408 1795 546 1861; x_wconf 94' lang='lat' dir='ltr'><strong>omnium</strong></span> <span class='ocrx_word' id='word_1_110' title='bbox 568 1794 726 1861; x_wconf 93' lang='lat' dir='ltr'><strong>bominum</strong></span> <span class='ocrx_word' id='word_1_111' title='bbox 742 1793 989 1861; x_wconf 85' lang='lat' dir='ltr'><strong>truculentissimi</strong></span> <span class='ocrx_word' id='word_1_112' title='bbox 1004 1793 1115 1860; x_wconf 91' lang='lat' dir='ltr'><strong>hostes.</strong></span> <span class='ocrx_word' id='word_1_113' title='bbox 1132 1795 1329 1880; x_wconf 82' lang='lat' dir='ltr'><strong>Voluptatem</strong></span> 
     </span>
     <span class='ocr_line' id='line_1_15' title="bbox 261 1898 1328 1988; baseline -0.003 -19"><span class='ocrx_word' id='word_1_114' title='bbox 261 1902 383 1988; x_wconf 88' lang='lat' dir='ltr'><strong>capiunt</strong></span> <span class='ocrx_word' id='word_1_115' title='bbox 405 1902 429 1966; x_wconf 91' lang='lat' dir='ltr'><strong>si</strong></span> <span class='ocrx_word' id='word_1_116' title='bbox 453 1901 628 1987; x_wconf 90' lang='lat' dir='ltr'><strong>quempiam</strong></span> <span class='ocrx_word' id='word_1_117' title='bbox 652 1900 876 1966; x_wconf 87' lang='lat' dir='ltr'><strong>trucidaverint.</strong></span> <span class='ocrx_word' id='word_1_118' title='bbox 900 1898 991 1985; x_wconf 87' lang='lat' dir='ltr'><strong>Apud</strong></span> <span class='ocrx_word' id='word_1_119' title='bbox 1015 1918 1067 1966; x_wconf 90' lang='lat' dir='ltr'><strong>eos</strong></span> <span class='ocrx_word' id='word_1_120' title='bbox 1090 1899 1247 1985; x_wconf 90' lang='lat' dir='ltr'><strong>disciplina</strong></span> <span class='ocrx_word' id='word_1_121' title='bbox 1270 1909 1328 1978; x_wconf 92' lang='lat' dir='ltr'><strong>est,</strong></span> 
     </span>
     <span class='ocr_line' id='line_1_16' title="bbox 261 2005 1329 2094; baseline -0.002 -20"><span class='ocrx_word' id='word_1_122' title='bbox 261 2016 296 2074; x_wconf 92' lang='lat' dir='ltr'><strong>ut</strong></span> <span class='ocrx_word' id='word_1_123' title='bbox 317 2007 386 2094; x_wconf 86' lang='lat' dir='ltr'><strong>quis</strong></span> <span class='ocrx_word' id='word_1_124' title='bbox 408 2008 560 2093; x_wconf 88' lang='lat' dir='ltr'><strong>perimere</strong></span> <span class='ocrx_word' id='word_1_125' title='bbox 583 2007 677 2093; x_wconf 92' lang='lat' dir='ltr'><strong>possit</strong></span> <span class='ocrx_word' id='word_1_126' title='bbox 699 2015 729 2072; x_wconf 90' lang='lat' dir='ltr'><strong>et</strong></span> <span class='ocrx_word' id='word_1_127' title='bbox 751 2006 849 2092; x_wconf 89' lang='lat' dir='ltr'><strong>gladio</strong></span> <span class='ocrx_word' id='word_1_128' title='bbox 873 2025 996 2092; x_wconf 91' lang='lat' dir='ltr'><strong>quoque</strong></span> <span class='ocrx_word' id='word_1_129' title='bbox 1018 2007 1157 2091; x_wconf 83' lang='lat' dir='ltr'><strong>peremit.</strong></span> <span class='ocrx_word' id='word_1_130' title='bbox 1179 2005 1329 2072; x_wconf 84' lang='lat' dir='ltr'><strong>Occidere</strong></span> 
     </span>
     <span class='ocr_line' id='line_1_17' title="bbox 261 2112 1327 2198; baseline 0 -21"><span class='ocrx_word' id='word_1_131' title='bbox 261 2131 382 2197; x_wconf 90' lang='lat' dir='ltr'><strong>nempe,</strong></span> <span class='ocrx_word' id='word_1_132' title='bbox 399 2112 546 2196; x_wconf 85' lang='lat' dir='ltr'><strong>peritiam,</strong></span> <span class='ocrx_word' id='word_1_133' title='bbox 563 2132 663 2188; x_wconf 92' lang='lat' dir='ltr'><strong>usum,</strong></span> <span class='ocrx_word' id='word_1_134' title='bbox 679 2121 837 2198; x_wconf 91' lang='lat' dir='ltr'><strong>artemque</strong></span> <span class='ocrx_word' id='word_1_135' title='bbox 860 2112 1013 2197; x_wconf 91' lang='lat' dir='ltr'><strong>deputant.</strong></span> <span class='ocrx_word' id='word_1_136' title='bbox 1027 2113 1141 2178; x_wconf 87' lang='lat' dir='ltr'><strong>Omnes</strong></span> <span class='ocrx_word' id='word_1_137' title='bbox 1156 2132 1229 2178; x_wconf 93' lang='lat' dir='ltr'><strong>vero</strong></span> <span class='ocrx_word' id='word_1_138' title='bbox 1247 2132 1327 2198; x_wconf 91' lang='lat' dir='ltr'><strong>quos</strong></span> 
     </span>
     <span class='ocr_line' id='line_1_18' title="bbox 260 2217 1327 2307; baseline 0.002 -25"><span class='ocrx_word' id='word_1_139' title='bbox 260 2217 384 2303; x_wconf 89' lang='lat' dir='ltr'><strong>praelati</strong></span> <span class='ocrx_word' id='word_1_140' title='bbox 414 2238 521 2284; x_wconf 91' lang='lat' dir='ltr'><strong>sumus</strong></span> <span class='ocrx_word' id='word_1_141' title='bbox 551 2217 735 2284; x_wconf 76' lang='lat' dir='ltr'><strong>suavissimis</strong></span> <span class='ocrx_word' id='word_1_142' title='bbox 765 2217 898 2284; x_wconf 87' lang='lat' dir='ltr'><strong>afficiunt</strong></span> <span class='ocrx_word' id='word_1_143' title='bbox 925 2218 1063 2307; x_wconf 82' lang='lat' dir='ltr'><strong>sensibus</strong></span> <span class='ocrx_word' id='word_1_144' title='bbox 1087 2228 1116 2285; x_wconf 90' lang='lat' dir='ltr'><strong>et</strong></span> <span class='ocrx_word' id='word_1_145' title='bbox 1139 2220 1327 2288; x_wconf 91' lang='lat' dir='ltr'><strong>mollissimis</strong></span> 
     </span>
     <span class='ocr_line' id='line_1_19' title="bbox 260 2319 1327 2410; baseline 0.003 -23"><span class='ocrx_word' id='word_1_146' title='bbox 260 2319 472 2407; x_wconf 88' lang='lat' dir='ltr'><strong>voluptatibus,</strong></span> <span class='ocrx_word' id='word_1_147' title='bbox 495 2322 594 2409; x_wconf 89' lang='lat' dir='ltr'><strong>quoad</strong></span> <span class='ocrx_word' id='word_1_148' title='bbox 617 2331 743 2408; x_wconf 90' lang='lat' dir='ltr'><strong>possunt</strong></span> <span class='ocrx_word' id='word_1_149' title='bbox 761 2322 939 2409; x_wconf 78' lang='lat' dir='ltr'><strong>indulgent,</strong></span> <span class='ocrx_word' id='word_1_150' title='bbox 963 2323 1109 2410; x_wconf 83' lang='lat' dir='ltr'><strong>quoniam</strong></span> <span class='ocrx_word' id='word_1_151' title='bbox 1130 2333 1159 2389; x_wconf 93' lang='lat' dir='ltr'><strong>et</strong></span> <span class='ocrx_word' id='word_1_152' title='bbox 1181 2323 1227 2390; x_wconf 92' lang='lat' dir='ltr'><strong>his</strong></span> <span class='ocrx_word' id='word_1_153' title='bbox 1250 2345 1327 2391; x_wconf 90' lang='lat' dir='ltr'><strong>aevo</strong></span> 
     </span>
     <span class='ocr_line' id='line_1_20' title="bbox 260 2428 1327 2515; baseline 0.001 -21"><span class='ocrx_word' id='word_1_154' title='bbox 260 2428 466 2514; x_wconf 90' lang='lat' dir='ltr'><strong>sempiterno,</strong></span> <span class='ocrx_word' id='word_1_155' title='bbox 500 2450 533 2496; x_wconf 93' lang='lat' dir='ltr'><strong>se</strong></span> <span class='ocrx_word' id='word_1_156' title='bbox 566 2428 767 2515; x_wconf 90' lang='lat' dir='ltr'><strong>perlruituros</strong></span> <span class='ocrx_word' id='word_1_157' title='bbox 797 2429 989 2496; x_wconf 86' lang='lat' dir='ltr'><strong>arbitrantur.</strong></span> <span class='ocrx_word' id='word_1_158' title='bbox 1021 2429 1148 2508; x_wconf 88' lang='lat' dir='ltr'><strong>Quibus·</strong></span> <span class='ocrx_word' id='word_1_159' title='bbox 1169 2429 1327 2496; x_wconf 89' lang='lat' dir='ltr'><strong>erroribus</strong></span> 
     </span>
     <span class='ocr_line' id='line_1_21' title="bbox 260 2533 1327 2620; baseline 0.001 -20"><span class='ocrx_word' id='word_1_160' title='bbox 260 2543 349 2620; x_wconf 79' lang='lat' dir='ltr'><strong>abque</strong></span> <span class='ocrx_word' id='word_1_161' title='bbox 364 2534 452 2611; x_wconf 90' lang='lat' dir='ltr'><strong>vitiis,</strong></span> <span class='ocrx_word' id='word_1_162' title='bbox 469 2533 506 2599; x_wconf 92' lang='lat' dir='ltr'><strong>ad</strong></span> <span class='ocrx_word' id='word_1_163' title='bbox 521 2553 624 2600; x_wconf 90' lang='lat' dir='ltr'><strong>veram</strong></span> <span class='ocrx_word' id='word_1_164' title='bbox 646 2542 676 2599; x_wconf 91' lang='lat' dir='ltr'><strong>et</strong></span> <span class='ocrx_word' id='word_1_165' title='bbox 697 2533 889 2600; x_wconf 89' lang='lat' dir='ltr'><strong>christianam</strong></span> <span class='ocrx_word' id='word_1_166' title='bbox 912 2533 1087 2619; x_wconf 78' lang='lat' dir='ltr'><strong>religionem</strong></span> <span class='ocrx_word' id='word_1_167' title='bbox 1115 2533 1327 2620; x_wconf 83' lang='lat' dir='ltr'><strong>excipiendam</strong></span> 
     </span>
     <span class='ocr_line' id='line_1_22' title="bbox 260 2639 1327 2725; baseline 0.001 -20"><span class='ocrx_word' id='word_1_168' title='bbox 260 2639 380 2706; x_wconf 89' lang='lat' dir='ltr'><strong>sibimet</strong></span> <span class='ocrx_word' id='word_1_169' title='bbox 412 2659 518 2705; x_wconf 90' lang='lat' dir='ltr'><strong>omnes</strong></span> <span class='ocrx_word' id='word_1_170' title='bbox 551 2639 634 2717; x_wconf 91' lang='lat' dir='ltr'><strong>vias,</strong></span> <span class='ocrx_word' id='word_1_171' title='bbox 669 2658 835 2725; x_wconf 92' lang='lat' dir='ltr'><strong>omnesque</strong></span> <span class='ocrx_word' id='word_1_172' title='bbox 869 2639 966 2706; x_wconf 90' lang='lat' dir='ltr'><strong>aditus</strong></span> <span class='ocrx_word' id='word_1_173' title='bbox 1000 2640 1172 2725; x_wconf 90' lang='lat' dir='ltr'><strong>obsepsere.</strong></span> <span class='ocrx_word' id='word_1_174' title='bbox 1205 2641 1327 2725; x_wconf 88' lang='lat' dir='ltr'><strong>Quippe</strong></span> 
     </span>
     <span class='ocr_line' id='line_1_23' title="bbox 260 2744 1324 2831; baseline 0.002 -21"><span class='ocrx_word' id='word_1_175' title='bbox 260 2763 357 2831; x_wconf 93' lang='lat' dir='ltr'><strong>quum</strong></span> <span class='ocrx_word' id='word_1_176' title='bbox 380 2745 489 2811; x_wconf 86' lang='lat' dir='ltr'><strong>nostris</strong></span> <span class='ocrx_word' id='word_1_177' title='bbox 511 2745 637 2831; x_wconf 87' lang='lat' dir='ltr'><strong>ingeniis</strong></span> <span class='ocrx_word' id='word_1_178' title='bbox 660 2744 810 2831; x_wconf 89' lang='lat' dir='ltr'><strong>quaedam</strong></span> <span class='ocrx_word' id='word_1_179' title='bbox 832 2745 978 2811; x_wconf 90' lang='lat' dir='ltr'><strong>virtutum</strong></span> <span class='ocrx_word' id='word_1_180' title='bbox 1001 2746 1116 2812; x_wconf 86' lang='lat' dir='ltr'><strong>semina</strong></span> <span class='ocrx_word' id='word_1_181' title='bbox 1139 2747 1237 2812; x_wconf 90' lang='lat' dir='ltr'><strong>innata</strong></span> <span class='ocrx_word' id='word_1_182' title='bbox 1252 2745 1324 2824; x_wconf 92' lang='lat' dir='ltr'><strong>sint,</strong></span> 
     </span>
     <span class='ocr_line' id='line_1_24' title="bbox 260 2850 1326 2938; baseline 0.001 -21"><span class='ocrx_word' id='word_1_183' title='bbox 260 2869 338 2937; x_wconf 90' lang='lat' dir='ltr'><strong>quae</strong></span> <span class='ocrx_word' id='word_1_184' title='bbox 370 2850 397 2915; x_wconf 93' lang='lat' dir='ltr'><strong>si</strong></span> <span class='ocrx_word' id='word_1_185' title='bbox 431 2850 518 2916; x_wconf 93' lang='lat' dir='ltr'><strong>nobis</strong></span> <span class='ocrx_word' id='word_1_186' title='bbox 552 2850 721 2918; x_wconf 90' lang='lat' dir='ltr'><strong>valentibus</strong></span> <span class='ocrx_word' id='word_1_187' title='bbox 755 2850 913 2917; x_wconf 87' lang='lat' dir='ltr'><strong>nobiscum</strong></span> <span class='ocrx_word' id='word_1_188' title='bbox 947 2851 1153 2918; x_wconf 88' lang='lat' dir='ltr'><strong>adolescerent</strong></span> <span class='ocrx_word' id='word_1_189' title='bbox 1183 2853 1246 2938; x_wconf 91' lang='lat' dir='ltr'><strong>ipsa</strong></span> <span class='ocrx_word' id='word_1_190' title='bbox 1272 2851 1326 2919; x_wconf 88' lang='lat' dir='ltr'><strong>dei</strong></span> 
     </span>
     <span class='ocr_line' id='line_1_25' title="bbox 259 2956 1328 3042; baseline 0.002 -21"><span class='ocrx_word' id='word_1_191' title='bbox 259 2956 361 3042; x_wconf 89' lang='lat' dir='ltr'><strong>gratia,</strong></span> <span class='ocrx_word' id='word_1_192' title='bbox 385 2975 462 3041; x_wconf 91' lang='lat' dir='ltr'><strong>quae</strong></span> <span class='ocrx_word' id='word_1_193' title='bbox 484 2956 634 3022; x_wconf 91' lang='lat' dir='ltr'><strong>illuminat</strong></span> <span class='ocrx_word' id='word_1_194' title='bbox 655 2975 777 3022; x_wconf 93' lang='lat' dir='ltr'><strong>omnem</strong></span> <span class='ocrx_word' id='word_1_195' title='bbox 801 2957 955 3022; x_wconf 91' lang='lat' dir='ltr'><strong>bominem</strong></span> <span class='ocrx_word' id='word_1_196' title='bbox 979 2957 1148 3023; x_wconf 90' lang='lat' dir='ltr'><strong>venientem</strong></span> <span class='ocrx_word' id='word_1_197' title='bbox 1180 2959 1210 3023; x_wconf 93' lang='lat' dir='ltr'><strong>in</strong></span> <span class='ocrx_word' id='word_1_198' title='bbox 1241 2957 1328 3025; x_wconf 89' lang='lat' dir='ltr'><strong>hunc</strong></span> 
     </span>
     <span class='ocr_line' id='line_1_26' title="bbox 259 3061 1326 3148; baseline 0.001 -21"><span class='ocrx_word' id='word_1_199' title='bbox 259 3062 420 3139; x_wconf 92' lang='lat' dir='ltr'><strong>mundum,</strong></span> <span class='ocrx_word' id='word_1_200' title='bbox 443 3061 481 3126; x_wconf 92' lang='lat' dir='ltr'><strong>ad</strong></span> <span class='ocrx_word' id='word_1_201' title='bbox 504 3061 620 3127; x_wconf 89' lang='lat' dir='ltr'><strong>beatam</strong></span> <span class='ocrx_word' id='word_1_202' title='bbox 643 3062 733 3127; x_wconf 89' lang='lat' dir='ltr'><strong>vitam</strong></span> <span class='ocrx_word' id='word_1_203' title='bbox 756 3063 861 3148; x_wconf 90' lang='lat' dir='ltr'><strong>procul</strong></span> <span class='ocrx_word' id='word_1_204' title='bbox 877 3062 968 3128; x_wconf 91' lang='lat' dir='ltr'><strong>dnbio</strong></span> <span class='ocrx_word' id='word_1_205' title='bbox 984 3082 1038 3128; x_wconf 95' lang='lat' dir='ltr'><strong>nos</strong></span> <span class='ocrx_word' id='word_1_206' title='bbox 1054 3063 1242 3148; x_wconf 89' lang='lat' dir='ltr'><strong>perdoceret.</strong></span> <span class='ocrx_word' id='word_1_207' title='bbox 1259 3063 1326 3129; x_wconf 90' lang='lat' dir='ltr'><strong>Sed</strong></span> 
     </span>
     <span class='ocr_line' id='line_1_27' title="bbox 259 3169 1325 3258; baseline -0.002 -20"><span class='ocrx_word' id='word_1_208' title='bbox 259 3170 279 3258; x_wconf 89' lang='lat' dir='ltr'><strong>ij</strong></span> <span class='ocrx_word' id='word_1_209' title='bbox 303 3170 353 3236; x_wconf 83' lang='lat' dir='ltr'><strong>vix</strong></span> <span class='ocrx_word' id='word_1_210' title='bbox 376 3170 407 3237; x_wconf 94' lang='lat' dir='ltr'><strong>in</strong></span> <span class='ocrx_word' id='word_1_211' title='bbox 430 3171 532 3237; x_wconf 87' lang='lat' dir='ltr'><strong>lucem</strong></span> <span class='ocrx_word' id='word_1_212' title='bbox 555 3169 636 3249; x_wconf 92' lang='lat' dir='ltr'><strong>editi,</strong></span> <span class='ocrx_word' id='word_1_213' title='bbox 660 3171 772 3257; x_wconf 84' lang='lat' dir='ltr'><strong>vixque</strong></span> <span class='ocrx_word' id='word_1_214' title='bbox 795 3171 935 3256; x_wconf 90' lang='lat' dir='ltr'><strong>suscepti,</strong></span> <span class='ocrx_word' id='word_1_215' title='bbox 962 3171 1002 3237; x_wconf 90' lang='lat' dir='ltr'><strong>ita</strong></span> <span class='ocrx_word' id='word_1_216' title='bbox 1016 3171 1048 3236; x_wconf 91' lang='lat' dir='ltr'><strong>in</strong></span> <span class='ocrx_word' id='word_1_217' title='bbox 1075 3170 1157 3235; x_wconf 92' lang='lat' dir='ltr'><strong>omni</strong></span> <span class='ocrx_word' id='word_1_218' title='bbox 1180 3169 1325 3236; x_wconf 88' lang='lat' dir='ltr'><strong>continuo</strong></span> 
     </span>
     <span class='ocr_line' id='line_1_28' title="bbox 258 3275 1324 3363; baseline -0.002 -21"><span class='ocrx_word' id='word_1_219' title='bbox 258 3277 411 3362; x_wconf 87' lang='lat' dir='ltr'><strong>pravitate,</strong></span> <span class='ocrx_word' id='word_1_220' title='bbox 436 3285 467 3343; x_wconf 91' lang='lat' dir='ltr'><strong>et</strong></span> <span class='ocrx_word' id='word_1_221' title='bbox 488 3275 647 3342; x_wconf 89' lang='lat' dir='ltr'><strong>vanissima</strong></span> <span class='ocrx_word' id='word_1_222' title='bbox 668 3297 741 3343; x_wconf 92' lang='lat' dir='ltr'><strong>suae</strong></span> <span class='ocrx_word' id='word_1_223' title='bbox 764 3277 915 3362; x_wconf 87' lang='lat' dir='ltr'><strong>religionis</strong></span> <span class='ocrx_word' id='word_1_224' title='bbox 939 3276 1133 3363; x_wconf 87' lang='lat' dir='ltr'><strong>perversitate</strong></span> <span class='ocrx_word' id='word_1_225' title='bbox 1152 3284 1324 3354; x_wconf 89' lang='lat' dir='ltr'><strong>versantur,</strong></span> 
     </span>
     <span class='ocr_line' id='line_1_29' title="bbox 258 3379 1325 3466; baseline -0.002 -18"><span class='ocrx_word' id='word_1_226' title='bbox 258 3390 294 3448; x_wconf 89' lang='lat' dir='ltr'><strong>ut</strong></span> <span class='ocrx_word' id='word_1_227' title='bbox 316 3400 394 3466; x_wconf 91' lang='lat' dir='ltr'><strong>pene</strong></span> <span class='ocrx_word' id='word_1_228' title='bbox 417 3399 488 3447; x_wconf 91' lang='lat' dir='ltr'><strong>cum</strong></span> <span class='ocrx_word' id='word_1_229' title='bbox 510 3380 584 3446; x_wconf 92' lang='lat' dir='ltr'><strong>lacte</strong></span> <span class='ocrx_word' id='word_1_230' title='bbox 614 3379 739 3458; x_wconf 86' lang='lat' dir='ltr'><strong>matris,</strong></span> <span class='ocrx_word' id='word_1_231' title='bbox 769 3380 1038 3465; x_wconf 91' lang='lat' dir='ltr'><strong>perniciosissimos</strong></span> <span class='ocrx_word' id='word_1_232' title='bbox 1061 3400 1181 3446; x_wconf 88' lang='lat' dir='ltr'><strong>errores</strong></span> <span class='ocrx_word' id='word_1_233' title='bbox 1203 3380 1325 3447; x_wconf 86' lang='lat' dir='ltr'><strong>suxisse</strong></span> 
     </span>
     <span class='ocr_line' id='line_1_30' title="bbox 258 3484 1325 3571; baseline 0.007 -22"><span class='ocrx_word' id='word_1_234' title='bbox 258 3484 426 3551; x_wconf 90' lang='lat' dir='ltr'><strong>videantur.</strong></span> <span class='ocrx_word' id='word_1_235' title='bbox 451 3484 502 3551; x_wconf 89' lang='lat' dir='ltr'><strong>Sic</strong></span> <span class='ocrx_word' id='word_1_236' title='bbox 525 3503 636 3570; x_wconf 89' lang='lat' dir='ltr'><strong>nempe</strong></span> <span class='ocrx_word' id='word_1_237' title='bbox 660 3492 784 3570; x_wconf 90' lang='lat' dir='ltr'><strong>repente</strong></span> <span class='ocrx_word' id='word_1_238' title='bbox 806 3494 896 3571; x_wconf 90' lang='lat' dir='ltr'><strong>atque</strong></span> <span class='ocrx_word' id='word_1_239' title='bbox 919 3485 1066 3561; x_wconf 87' lang='lat' dir='ltr'><strong>celeriter,</strong></span> <span class='ocrx_word' id='word_1_240' title='bbox 1082 3485 1169 3550; x_wconf 90' lang='lat' dir='ltr'><strong>malis</strong></span> <span class='ocrx_word' id='word_1_241' title='bbox 1184 3485 1325 3556; x_wconf 89' lang='lat' dir='ltr'><strong>moribus</strong></span> 
     </span>
     <span class='ocr_line' id='line_1_31' title="bbox 259 3589 1325 3677; baseline -0.002 -20"><span class='ocrx_word' id='word_1_242' title='bbox 259 3590 448 3677; x_wconf 89' lang='lat' dir='ltr'><strong>depravatis,</strong></span> <span class='ocrx_word' id='word_1_243' title='bbox 472 3589 663 3676; x_wconf 88' lang='lat' dir='ltr'><strong>opinionibus</strong></span> <span class='ocrx_word' id='word_1_244' title='bbox 686 3610 753 3656; x_wconf 91' lang='lat' dir='ltr'><strong>sese</strong></span> <span class='ocrx_word' id='word_1_245' title='bbox 775 3589 936 3668; x_wconf 92' lang='lat' dir='ltr'><strong>imbuunt,</strong></span> <span class='ocrx_word' id='word_1_246' title='bbox 960 3600 1167 3676; x_wconf 92' lang='lat' dir='ltr'><strong>utnusquam</strong></span> <span class='ocrx_word' id='word_1_247' title='bbox 1197 3601 1325 3670; x_wconf 83' lang='lat' dir='ltr'><strong>naturae</strong></span> 
     </span>
     <span class='ocr_line' id='line_1_32' title="bbox 258 3695 1329 3783; baseline 0.002 -21"><span class='ocrx_word' id='word_1_248' title='bbox 258 3697 375 3762; x_wconf 90' lang='lat' dir='ltr'><strong>divinae</strong></span> <span class='ocrx_word' id='word_1_249' title='bbox 397 3695 569 3782; x_wconf 88' lang='lat' dir='ltr'><strong>gratiaeque</strong></span> <span class='ocrx_word' id='word_1_250' title='bbox 596 3697 699 3764; x_wconf 92' lang='lat' dir='ltr'><strong>lumen</strong></span> <span class='ocrx_word' id='word_1_251' title='bbox 722 3697 753 3762; x_wconf 92' lang='lat' dir='ltr'><strong>in</strong></span> <span class='ocrx_word' id='word_1_252' title='bbox 777 3697 820 3762; x_wconf 88' lang='lat' dir='ltr'><strong>eis</strong></span> <span class='ocrx_word' id='word_1_253' title='bbox 843 3698 938 3763; x_wconf 88' lang='lat' dir='ltr'><strong>valeat</strong></span> <span class='ocrx_word' id='word_1_254' title='bbox 958 3717 1112 3783; x_wconf 90' lang='lat' dir='ltr'><strong>apparere.</strong></span> <span class='ocrx_word' id='word_1_255' title='bbox 1136 3697 1329 3764; x_wconf 80' lang='lat' dir='ltr'><strong>Nefandissi·</strong></span> 
     </span>
     <span class='ocr_line' id='line_1_33' title="bbox 259 3801 1324 3888; baseline 0.004 -22"><span class='ocrx_word' id='word_1_256' title='bbox 259 3801 318 3866; x_wconf 91' lang='lat' dir='ltr'><strong>mis</strong></span> <span class='ocrx_word' id='word_1_257' title='bbox 341 3802 365 3866; x_wconf 91' lang='lat' dir='ltr'><strong>si</strong></span> <span class='ocrx_word' id='word_1_258' title='bbox 389 3803 513 3887; x_wconf 91' lang='lat' dir='ltr'><strong>quidem</strong></span> <span class='ocrx_word' id='word_1_259' title='bbox 536 3802 614 3868; x_wconf 92' lang='lat' dir='ltr'><strong>vitiis</strong></span> <span class='ocrx_word' id='word_1_260' title='bbox 637 3803 750 3888; x_wconf 93' lang='lat' dir='ltr'><strong>quibus</strong></span> <span class='ocrx_word' id='word_1_261' title='bbox 766 3802 876 3888; x_wconf 89' lang='lat' dir='ltr'><strong>oppleti</strong></span> <span class='ocrx_word' id='word_1_262' title='bbox 892 3811 971 3880; x_wconf 90' lang='lat' dir='ltr'><strong>sunt,</strong></span> <span class='ocrx_word' id='word_1_263' title='bbox 988 3802 1045 3868; x_wconf 90' lang='lat' dir='ltr'><strong>sibi</strong></span> <span class='ocrx_word' id='word_1_264' title='bbox 1061 3803 1176 3869; x_wconf 89' lang='lat' dir='ltr'><strong>obicem</strong></span> <span class='ocrx_word' id='word_1_265' title='bbox 1193 3813 1324 3888; x_wconf 91' lang='lat' dir='ltr'><strong>ponunt,</strong></span> 
     </span>
     <span class='ocr_line' id='line_1_34' title="bbox 259 3906 1325 3995; baseline 0.006 -26"><span class='ocrx_word' id='word_1_266' title='bbox 259 3925 297 3970; x_wconf 91' lang='lat' dir='ltr'><strong>ne</strong></span> <span class='ocrx_word' id='word_1_267' title='bbox 321 3906 486 3991; x_wconf 87' lang='lat' dir='ltr'><strong>ingenitum</strong></span> <span class='ocrx_word' id='word_1_268' title='bbox 509 3908 566 3974; x_wconf 91' lang='lat' dir='ltr'><strong>sibi</strong></span> <span class='ocrx_word' id='word_1_269' title='bbox 589 3907 787 3994; x_wconf 90' lang='lat' dir='ltr'><strong>divinumque</strong></span> <span class='ocrx_word' id='word_1_270' title='bbox 810 3907 914 3974; x_wconf 91' lang='lat' dir='ltr'><strong>lumen</strong></span> <span class='ocrx_word' id='word_1_271' title='bbox 937 3908 1100 3988; x_wconf 90' lang='lat' dir='ltr'><strong>admittant,</strong></span> <span class='ocrx_word' id='word_1_272' title='bbox 1122 3909 1227 3995; x_wconf 88' lang='lat' dir='ltr'><strong>deque</strong></span> <span class='ocrx_word' id='word_1_273' title='bbox 1254 3911 1325 3975; x_wconf 81' lang='lat' dir='ltr'><strong>exi·</strong></span> 
     </span>
    </p>
   </div>
   <div class='ocr_carea' id='block_1_3' title="bbox 0 0 1490 4730">
    <p class='ocr_par' dir='ltr' id='par_1_3' title="bbox 0 0 1490 4730">
     <span class='ocr_line' id='line_1_35' title="bbox 0 0 1490 4730; baseline 0 2"><span class='ocrx_word' id='word_1_274' title='bbox 0 0 1490 4730; x_wconf 95' lang='lat' dir='ltr'><strong> </strong></span> 
     </span>
    </p>
   </div>
  </div>
 </body>
</html>
