2970 4730
563 361 741 427 -83-

123 543 129 553 ‘
205 536 387 603 Alexander.
411 537 471 602 Res
493 531 684 620 pervetustae
706 534 870 601 admodum
894 529 938 602 ac¹
946 557 1039 623 prope
1063 532 1180 604 oblitte-

113 650 205 720 ratae,
230 662 366 729 quasque
392 642 552 727 scriptores
568 642 772 727 hystoriarum
793 642 915 708 tradunt
936 644 1085 729 ambigue.
1099 644 1138 708 Et
1152 643 1178 709 si

113 749 198 813 nulla
221 748 291 813 satis
314 749 458 813 sententia
482 747 569 814 firma
593 749 639 826 sit,
664 767 730 814 eam
753 741 856 814 tamen
869 749 1123 834 probabiliorem,
1148 760 1182 816 ut

112 853 267 939 Memphis
298 852 432 919 conditor
466 855 615 938 Ogelosus
647 854 801 940 qnondam
831 855 961 941 Aegypti
997 875 1074 934 rex,
1106 855 1187 936 sicut

112 962 248 1029 secundo
263 963 416 1027 annalium
432 963 518 1040 libro,
536 962 689 1029 Diodorus
705 963 826 1029 Siculus
849 964 990 1049 congruis
1015 961 1180 1030 rationibus

111 1068 224 1134 firmat.
249 1067 344 1155 Cujus
367 1069 454 1154 plane
478 1069 553 1135 situs
577 1071 785 1155 opportuniori
808 1070 898 1136 totius
922 1070 1087 1156 Aegyptiae
1111 1089 1180 1136 orae

112 1177 180 1240 loco
203 1174 422 1252 videturesse,
449 1175 503 1241 uhi
526 1175 623 1262 Nylus
647 1176 678 1240 in
695 1177 799 1261 plures
823 1176 934 1242 scissus
956 1185 1066 1262 partes,
1090 1175 1181 1242 efficit

112 1278 244 1344 formam
267 1279 381 1344 Deltae.
406 1281 472 1359 Quo
496 1279 530 1344 fit
553 1289 586 1345 ut
609 1289 762 1366 tamquam
786 1280 817 1345 in
840 1280 911 1366 Nyli
933 1281 1062 1346 claustro
1085 1280 1180 1365 posita

113 1384 236 1462 Civitas,
253 1384 367 1449 aditum
392 1384 543 1470 praebeat,
564 1385 790 1471 prohibeatque‚
803 1385 841 1450 ad
856 1385 1059 1452 cohibendum
1074 1383 1181 1471 aequa)

113 1509 186 1555 rum
210 1488 440 1555 inundationem
464 1509 570 1556 versus
593 1491 717 1569 Notum,
730 1510 853 1576 aggeres
873 1491 1008 1576 ingentes
1032 1490 1190 1576 opposuit.

112 1599 153 1665 m
175 1619 191 1664 a
215 1599 350 1684 partibus
377 1599 503 1665 caeteris
534 1599 669 1684 undique
700 1599 851 1676 effossus,
881 1598 1075 1681 maximeque
1105 1595 1181 1661 altus

112 1705 149 1770 fit
170 1705 273 1781 lacus,
300 1705 352 1790 qui
376 1704 503 1770 urheme
527 1704 617 1771 efficit
638 1705 881 1772 munitissimam.
895 1703 1105 1787 ¹Quamobrem
1120 1705 1180 1770 Re·

112 1831 182 1897 ges,
219 1811 320 1876 relicta
357 1811 437 1896 regia
465 1810 639 1878 Thebarum
674 1810 763 1888 sede,
788 1830 864 1896 quae
888 1810 977 1876 etiam
1001 1809 1093 1875 mersi
1117 1808 1182 1875 lue·

112 1925 158 1981 rat
181 1914 361 1992 Pharaonis,
385 1915 416 1980 in
439 1935 473 1980 ea
505 1915 697 2000 potissimum
721 1914 907 1980 insederunt.
932 1914 1093 1980 Caeterum
1125 1913 1180 1979 alia

113 2020 218 2087 Thebe
249 2020 345 2086 luerat
376 2021 405 2086 in
436 2021 559 2098 Boetia,
583 2041 600 2086 a
626 2019 740 2087 Cadmo
771 2019 920 2106 Agenoris
954 2019 1017 2085 lilio
1047 2018 1180 2096 condita,

113 2125 223 2192 Bacchi
246 2135 348 2211 postea
372 2135 401 2191 et
424 2125 563 2191 Herculis
587 2126 720 2212 propria,
744 2145 836 2212 quarn
859 2124 1031 2191 Alexander
1047 2123 1180 2201 Macedo,

113 2232 250 2298 funditus
273 2233 388 2310 evertit,
406 2231 572 2297 venditisve
596 2232 713 2298 civibus
736 2233 794 2298 sub
811 2251 928 2299 corona.
943 2232 1063 2298 Primae
1078 2238 1180 2295 autem

113 2337 237 2414 Thebis,
267 2339 384 2404 Busiris
414 2337 545 2423 Aegypti
578 2358 648 2415 rex,
681 2339 818 2404 conditor
849 2338 914 2404 luit.
947 2339 1043 2416 Quam
1074 2334 1180 2402 Graeci

113 2443 313 2527 Heliopolim,
336 2439 414 2508 idest
436 2443 508 2508 solis
534 2442 656 2522 urbem,
673 2453 895 2528 nuncuparunt.
919 2441 1040 2508 Etenim
1061 2436 1180 2507 moenia

112 2562 236 2614 centum
258 2548 451 2634 quadraginta
473 2548 564 2614 stadia
587 2549 839 2626 circumhabere,
871 2547 1043 2633 permagnis
1073 2544 1176 2612 aedifi·

111 2654 166 2719 ciis
200 2673 235 2719 ac
268 2654 409 2739 speciosis
439 2653 567 2720 deorum
596 2655 718 2740 templis
749 2662 878 2731 ornata,
913 2672 972 2738 qua
1003 2659 1177 2735 tempestate

113 2759 190 2826 urbs
221 2760 311 2825 totius
342 2759 423 2825 orbis
460 2759 631 2826 felicissima
662 2759 831 2845 putabatur.
868 2758 998 2824 Centum
1028 2755 1179 2841 siquidem

111 2874 215 2952 portas
237 2885 342 2931 muros
369 2865 449 2932 illius
472 2865 615 2932 habuisse
643 2865 781 2931 meminit
804 2865 893 2930 etiam
916 2863 1080 2940 luvenalis,
1104 2861 1180 2926 dum

112 2981 211 3056 satyra
235 2971 265 3036 in
295 2972 401 3038 ultima
433 2972 471 3038 de
495 2991 529 3038 ea
560 2973 672 3039 scribit.
703 2973 799 3056 Atque
829 2983 912 3040 octos
941 2975 1033 3039 Thebe
1062 2979 1180 3038 eentum

106 3082 189 3159 jacet
209 3081 317 3144 obruto
339 3083 449 3161 portis.
481 3078 643 3144 Caeterum
668 3088 697 3144 et
719 3078 893 3165 Aetyopiae,
918 3077 1064 3144 Thebaica
1086 3076 1179 3162 regio,

113 3184 303 3249 contermina
319 3183 384 3250 fuit.
409 3186 455 3250 De
472 3204 531 3270 qua
547 3185 626 3250 satis.
659 3185 760 3271 Atque
777 3185 925 3270 praedicta
949 3205 983 3250 ea
1003 3203 1051 3248 me
1067 3183 1179 3247 ratione

112 3301 386 3368 commemorasse,
411 3311 470 3357 non
495 3291 593 3357 solum
617 3300 650 3357 ut
672 3291 847 3357 noverimus
878 3289 1046 3374 Memphim
1069 3287 1178 3352 urbem

112 3392 197 3460 haud
221 3394 454 3460 vetustissimam
471 3415 548 3473 esse3
572 3413 628 3460 nec
645 3395 759 3480 antiqui
779 3393 940 3460 Pharaonis
963 3393 1086 3478 Regiam
1103 3390 1178 3454 exti-
1257 3451 1261 3466 ,

111 3499 185 3565 tisse
209 3499 323 3566 sedem.
356 3499 417 3566 Sed
445 3500 577 3566 diximus
608 3500 725 3568 Thebas
756 3499 849 3565 fuisse
879 3497 982 3574 idolis,
1006 3495 1179 3581 dequibus

110 3613 206 3683 antea,
231 3606 385 3691 quondam
413 3605 634 3673 refertissimas.
660 3604 701 3672 At
724 3604 875 3690 Memphis
904 3604 1051 3670 orientem
1074 3621 1180 3667 versus

112 3711 189 3777 colle
213 3711 367 3778 sublevata
392 3732 557 3797 parumper
580 3711 732 3778 attollitur.
756 3711 868 3795 Regale
883 3706 1181 3786 castellum,duohns

114 3816 212 3883 ferme
228 3817 363 3884 millibus
376 3838 531 3903 passuum,
544 3817 787 3893 murocinetum,
800 3817 965 3900 pulereque
978 3822 1180 3899 perstructum

113 3933 164 3990 est.
183 3925 223 3991 Et
247 3943 334 3990 mons
359 3945 419 3990 non
444 3925 583 3992 sublimis
608 3921 771 3989 admodum
795 3921 932 3987 imminet
955 3920 1033 3986 urbi.
1056 3922 1103 3986 Ex
1118 3938 1181 4004 quo
