2932 4728
743 312 918 380 ..4³2-

299 485 357 554 bus
380 484 454 552 albis
477 485 616 572 apostolis
638 485 759 554 astitere
789 488 932 555 (licentes
964 489 1028 558 Viri
1054 491 1163 560 Golitei
1186 499 1258 577 quid
1280 503 1370 566 atatis

297 599 469 678 uspicientes
499 597 530 660 in
554 595 689 660 columi
711 597 768 662 Hit
792 597 877 662 leant
901 601 954 679 poi
984 610 1157 682 assumptus
1180 613 1224 668 est
1245 627 1264 671 a
1286 610 1371 673 oodit

296 705 487 780 incoatum,
511 705 553 768 sio
574 705 668 767 venio
691 705 940 783 quemadmodum
970 707 1070 771 uidisti
1099 727 1168 773 eum
1190 721 1318 777 eornm.
1392 793 1394 798 ι

384 807 434 874 Ab
457 807 559 874 oliveti
581 809 682 874 Monte
716 807 856 874 milliario
888 830 950 876 uno
981 820 1011 876 et
1044 813 1136 878 semis
1171 816 1368 900 proticiscen-

295 924 350 992 tes,
374 914 411 980 ad
434 917 588 981 Bettonio
602 918 756 980 noandum
771 913 860 1000 oujus
876 935 959 982 nuno
984 917 1033 982 vix
1054 919 1158 984 ruinae
1181 923 1367 1008 cernuntur)

294 1021 499 1106 pervenients,
523 1019 598 1086 illud
625 1019 716 1086 etiam
732 1019 790 1086 lroo
806 1029 946 1108 tempore
969 1025 1161 1091 contuebitur
1183 1047 1369 1096 monumen·

294 1147 381 1206 tum,
406 1148 444 1194 ex
467 1147 528 1214 quo
551 1127 700 1192 Lazzarus
728 1125 766 1192 ad
789 1125 913 1192 Domini
943 1148 1047 1195 vooem
1072 1133 1267 1199 resuscitatus
1290 1155 1367 1200 oon·

292 1237 393 1305 testim
416 1232 527 1321 prodiit
550 1232 636 1298 taseis
652 1233 771 1318 ligatus.
788 1235 855 1312 Quo
870 1253 942 1299 sane
965 1255 981 1301 a
1001 1235 1067 1302 looo
1089 1257 1146 1304 neo
1167 1238 1251 1304 abest
1274 1242 1366 1328 longe

290 1345 357 1412 lons
387 1342 491 1427 nyma.
515 1343 551 1407 ln
582 1360 643 1426 quo
673 1339 862 1406 descendens
895 1342 1085 1422 Eunuchus,
1109 1366 1125 1410 a
1146 1345 1291 1432 Philippo
1316 1359 1367 1415 est

290 1449 411 1517 salutari
437 1445 623 1532 baptismatis
652 1444 732 1510 unda
750 1445 904 1530 pertusus.
921 1447 983 1514 Sed
1006 1448 1180 1534 prolixioris
1204 1451 1274 1519 lrino
1297 1454 1366 1522 viae

290 1558 347 1624 iter
362 1563 483 1641 agentes
498 1551 713 1638 perveniemus
728 1551 765 1617 ad
780 1553 895 1636 {luente
911 1555 1064 1621 Iordanis.
1081 1558 1168 1636 Quae
1184 1557 1221 1622 ad
1238 1557 1365 1626 Domini

290 1664 442 1728 lavacrum
473 1666 547 1725 sunt
577 1656 694 1723 reddita
724 1657 872 1744 puriora,
903 1680 920 1725 a
949 1660 1063 1747 quibus
1096 1671 1142 1728 est
1170 1664 1201 1728 in
1231 1666 1363 1749 septimo

289 1765 387 1852 lapide
409 1768 501 1834 Mona
524 1765 634 1829 ludeoo
649 1761 800 1839 sublimis,
816 1762 904 1848 cujus
919 1763 958 1830 ad
980 1765 1120 1832 medium
1142 1777 1224 1834 extat
1245 1769 1361 1854 Cripta.
1454 1809 1455 1840 i

288 1875 323 1940 ln
346 1892 406 1959 qua
429 1871 563 1937 Salvator
584 1868 616 1934 in
640 1868 769 1935 Iordane
793 1889 809 1935 a
833 1869 967 1936 Iohanne
986 1869 1052 1957 jam
1075 1872 1273 1953 babdzzatus
1290 1895 1363 1961 qua·
1454 1949 1455 1966 χ

287 1979 421 2065 draginta
443 1976 508 2042 dies
531 1984 561 2041 et
582 1974 777 2061 quadraginta
804 1984 906 2041 noctes
925 1975 1079 2062 Jejunians
1101 1989 1205 2065 postea
1229 1982 1358 2061 esuriit,

287 2094 317 2149 et
340 2081 493 2148 diabolum
517 2090 562 2146 ter
584 2099 617 2146 so
640 2089 837 2166 temptantem
862 2080 971 2148 devicit
985 2092 1076 2169 atque
1092 2087 1220 2170 pepulit.
1238 2087 1359 2174 Cuique

286 2189 428 2257 continuo
450 2185 624 2253 aecedentes
641 2185 749 2271 Angeli
765 2185 982 2255 ministrabant.
1001 2191 1081 2257 llaec
1097 2211 1176 2278 quae
1191 2192 1228 2260 ad
1251 2193 1359 2266 Orien·

284 2306 347 2360 tem
371 2292 432 2358 loca
454 2289 508 2357 sita
532 2298 622 2366 sunt,
652 2290 683 2354 in
706 2307 845 2356 oooasum
878 2311 1005 2371 versus,
1034 2304 1065 2360 et
1086 2295 1142 2361 alio
1173 2298 1351 2382 evangelicis.

284 2400 427 2466 misteriis
450 2397 568 2475 relerta,
591 2397 771 2483 quamplura
795 2397 1001 2483 reperiuntur,
1030 2401 1189 2468 semotiora
1213 2402 1354 2488 quidem.

283 2507 333 2574 nd
363 2525 440 2594 quae
471 2504 495 2570 si
526 2521 587 2570 non
616 2502 768 2588 piguerit,
800 2503 957 2589 (quoniam
987 2515 1018 2572 et
1047 2517 1203 2574 assuetum
1233 2509 1354 2578 delitiis
1453 2493 1454 2572 f

283 2633 403 2698 corpus,
420 2631 479 2677 non
496 2610 580 2676 iaoile
595 2608 738 2694 longioris
754 2608 869 2674 itineris
882 2609 1018 2678 laborem
1036 2614 1176 2697 sustinet)
1192 2617 1352 2684 Nazario

281 2741 341 2787 una
364 2737 537 2805 pergemus,
560 2715 598 2781 ab
613 2715 779 2782 Ierusalem
795 2715 982 2801 septuaginta
998 2717 1063 2784 iere
1087 2719 1222 2786 millibus
1244 2721 1348 2807 sejun-

281 2836 368 2892 ctam.
392 2826 431 2889 Et
448 2823 534 2908 juxta
563 2822 840 2908 interpretationem
873 2825 1003 2891 nominis
1034 2825 1101 2912 ejus
1135 2827 1244 2894 llorem
1267 2829 1347 2896 vide·

280 2930 383 2996 bimus
407 2929 558 3005 dalilam,
590 2928 642 2993 ubi
666 2928 748 3014 virgo
771 2928 803 2994 in
834 2930 1016 2998 mulieribus
1038 2932 1215 3012 benedicta,
1241 2944 1288 3000 est
1311 2935 1349 3002 ab

279 3036 384 3120 angelo
407 3033 625 3100 officiosissime
637 3035 769 3111 salutata,
787 3031 817 3100 et
837 3038 1009 3103 mortalium
1034 3039 1203 3126 redemptio
1219 3043 1349 3128 sumpsit

279 3141 370 3223 initia.
395 3138 468 3205 lnde
491 3138 570 3204 haud
591 3140 696 3223 procul
718 3140 853 3205 cernitur
879 3143 965 3211 Gonu
989 3142 1020 3208 in
1043 3163 1103 3230 qua
1126 3143 1267 3211 dominus
1290 3167 1346 3214 sex

279 3246 427 3313 idriarum
451 3263 576 3331 aequam
599 3245 726 3310 mutavit
742 3245 772 3309 in
790 3246 902 3312 vinum.
920 3249 959 3312 Et
973 3248 1114 3315 milliario
1136 3250 1205 3316 hinc
1228 3251 1347 3318 decimo

275 3363 410 3420 montem
447 3354 563 3420 Titulor
593 3351 788 3417 ascendentes
815 3354 1037 3438 conspiciemus
1068 3375 1140 3422 eum
1166 3357 1288 3436 locum,
1314 3360 1345 3424 in

275 3480 337 3546 quo
351 3457 592 3544 ‘transfiguratus
613 3455 756 3521 dominus
779 3464 834 3533 est,
859 3455 933 3523 dum
962 3459 1055 3524 veluti
1078 3461 1141 3537 sol,
1165 3459 1256 3527 tanim
1279 3463 1345 3529 eius

275 3563 508 3650 splendesceret.
531 3562 641 3627 Petrus
665 3559 756 3626 nimia
786 3560 904 3627 illectus
935 3563 1077 3629 suavitate
1107 3564 1246 3632 uosoiens
1268 3569 1343 3654 quid

275 3671 412 3752 loqueret
427 3667 510 3732 dixit:
526 3670 653 3733 Domine
669 3671 778 3732 tonum
793 3676 836 3732 eat
850 3687 905 3732 not
921 3670 967 3735 lio
982 3690 1054 3747 otte,
1070 3673 1096 3736 si
1115 3673 1172 3748 uis,
1187 3675 1340 3755 sociamus

275 3777 321 3838 tric
344 3775 403 3837 trio
418 3777 612 3838 tabernaculo
627 3775 678 3838 titi
693 3792 802 3849 onum,
820 3773 921 3855 Moysi
936 3793 1043 3851 onum,
1059 3784 1087 3840 et
1102 3776 1206 3842 Heliae
1229 3798 1337 3847 unum.

273 3878 349 3944 Hine
373 3895 443 3942 voro
465 3886 565 3942 ootavo
588 3877 686 3962 lapide
704 3877 860 3943 veniemus
882 3877 920 3945 ad
943 3891 1026 3948 mare
1052 3879 1247 3950 Gomaoret't.
1273 3885 1333 3954 Uhi
