2970 4730
747 308 924 374 ..ga-

305 484 464 572 quadratos
493 482 606 568 lapides
632 480 746 568 jugiter
777 483 936 560 excidunt,
968 481 1080 569 quibus
1113 492 1165 549 aut
1194 485 1368 571 primorum

303 592 402 671 aedes,
411 601 461 658 ant
472 590 597 657 delubra
609 589 656 656 sni
669 590 820 655 vanissimi
832 591 931 656 cultus
946 598 1099 654 extruunt.
1109 589 1369 658 Circnmambitns

303 719 375 770 nero
399 698 492 774 urbis,
516 716 610 783 quem
625 695 722 762 isdem
745 696 849 762 scribit
871 695 1034 774 Diodorus,
1055 696 1221 764 stadiorum
1244 709 1368 767 centnm

304 817 334 876 et
346 803 562 891 quinquaginta
583 823 660 880 esse,
685 802 741 869 boo
764 812 808 869 est
828 801 988 868 duodecim
1004 803 1054 868 vix
1069 803 1205 870 millibus
1220 824 1368 889 passuum

303 912 473 989 ambientis,
498 931 531 978 ea
563 910 688 978 fortasse
717 918 893 995 tempestate
922 909 1028 988 luisse,
1058 909 1129 974 satis
1154 909 1368 994 credipotest

305 1019 366 1087 Sed
389 1040 406 1085 a
428 1018 555 1104 posteris
578 1017 711 1104 Regibus
741 1027 810 1102 post
842 1036 968 1084 murum
999 1025 1122 1082 exancta
1152 1026 1215 1095 est,
1239 1017 1368 1083 urbibu-

303 1144 382 1212 sque
406 1123 599 1189 conterminis
629 1126 760 1191 Buleclti
782 1122 894 1189 scilieet
924 1132 954 1189 et
975 1125 1150 1190 Bnbitoaiae
1173 1122 1210 1187 ita
1234 1123 1370 1207 copulata

302 1240 392 1315 atque
423 1229 591 1308 coniuncta,
616 1229 699 1315 qnod
723 1249 781 1294 nna
805 1229 867 1294 sola
889 1227 980 1295 modo
1010 1227 1084 1293 urbs
1118 1235 1286 1292 censeatur.
1321 1227 1369 1314 (l)

304 1334 416 1419 Sicqne
439 1333 498 1399 diei
522 1333 612 1399 nnius
635 1332 729 1398 simul
752 1330 906 1417 adjunctae
929 1332 1060 1398 civitates
1082 1331 1139 1397 iter
1159 1332 1247 1416 plane
1269 1331 1369 1397 circus

304 1439 483 1506 mambiunt.
507 1439 619 1525 Viginti
652 1439 788 1525 quinque
819 1436 954 1504 millibus
984 1437 1122 1503 videlieet
1148 1456 1293 1522 passuum
1315 1438 1369 1518 trie

302 1546 430 1632 gintave.
463 1548 527 1624 Qua
558 1546 590 1611 in
622 1565 655 1612 re
687 1565 724 1611 ne
755 1553 852 1630 pateat
882 1545 979 1611 errori
1006 1545 1106 1622 locus,
1139 1543 1212 1609 duas
1244 1543 1370 1629 quidem

304 1649 471 1715 Babilonias
494 1649 587 1716 luisse
610 1647 742 1715 conditas
767 1647 934 1715 sciendum.
959 1650 1043 1714 llanc
1065 1647 1128 1713 sive
1148 1646 1287 1734 Aegypti,
1310 1649 1369 1714 alte

304 1775 370 1822 ram
386 1756 416 1820 in
440 1754 557 1822 Caldea.
587 1755 670 1835 Quae
686 1777 703 1822 a
718 1753 886 1821 Nembrotb
910 1755 1026 1841 gigante
1049 1752 1201 1821 aedilicata
1224 1755 1255 1819 in
1271 1755 1371 1840 campi

303 1861 432 1947 planicie
456 1862 585 1928 maxima
608 1871 638 1928 et
662 1861 796 1948 undique
812 1861 981 1947 conspicua,
1005 1871 1095 1947 atque
1119 1860 1175 1925 loci
1198 1860 1370 1938 laetissima,

303 1975 405 2052 postea
428 1987 444 2032 a
468 1966 679 2045 Semiramide,
696 1966 766 2032 Nini
790 1965 869 2051 regis
892 1984 997 2043 uxore,
1022 1965 1052 2029 ln
1068 1963 1177 2030 melina
1201 1963 1298 2030 extitit
1321 1983 1369 2030 re·

303 2081 416 2157 parata.
441 2074 521 2136 Tum
543 2072 702 2138 maenibus
725 2072 847 2157 paribus
870 2091 925 2156 per
948 2070 1099 2157 quadrum
1122 2070 1278 2156 disposita,
1304 2080 1370 2136 tum

302 2195 464 2248 murorum
488 2176 691 2261 magnitudine
715 2178 764 2242 rix
787 2177 933 2256 credibili,
948 2177 1027 2243 sicut
1049 2177 1172 2261 plurimi
1196 2196 1301 2243 rernm
1317 2197 1369 2242 an·

305 2282 457 2367 tiqnarum
483 2282 644 2367 scriptores
675 2283 846 2369 prodidere.
871 2283 929 2364 Qui
959 2282 1147 2349 latitudinem
1177 2283 1370 2369 quadraginta
1469 2259 1470 2331 l

304 2386 477 2454 cubitorum
499 2388 593 2455 inisse
616 2389 736 2469 dicunt,
759 2390 949 2456 altitudinem
972 2399 1078 2475 qnater
1100 2387 1226 2466 tantam,
1238 2389 1370 2455 ambitus

303 2493 571 2580 quadrigentorum
587 2496 732 2582 octoginta
751 2495 929 2562 stadiorum.
949 2498 1134 2581 Mnrnmqne
1165 2496 1261 2562 coctili
1278 2497 1371 2562 latere
1468 2507 1469 2585 l

303 2609 393 2686 atque
416 2600 562 2668 interluso
589 2600 737 2668 bitumine
764 2610 972 2687 compactum,
997 2611 1027 2668 et
1049 2623 1064 2667 a
1088 2620 1248 2667 murorum
1271 2601 1372 2668 fronte

301 2716 402 2791 portas
424 2726 530 2772 aeneas
553 2715 674 2773 centnm
701 2707 872 2780 habentem,
901 2707 1073 2794 fossamque
1101 2707 1288 2774 extrinsecus
1313 2710 1371 2774 late

302 2820 454 2896 patentem
476 2832 509 2877 ac
532 2813 596 2878 vice
618 2813 714 2878 amnis
745 2813 1019 2880 circumfluentem.
1043 2814 1161 2900 Quippe
1177 2815 1274 2881 fuerat
1297 2815 1371 2882 baec

302 2915 427 2980 Babilnn
453 2917 659 2984 Caldaicarnm
685 2919 823 3003 gentium
840 2928 939 3005 capnt,
957 2940 1013 3005 per
1036 2919 1088 2985 din
1105 2929 1164 2986 toto
1187 2919 1261 2986 orbe
1286 2941 1371 2987 snm·

303 3040 385 3088 mam
412 3022 548 3089 obtinens
575 3025 747 3092 claritatem.
774 3028 903 3111 Propter
934 3046 1025 3112 qnam
1053 3026 1176 3103 Assiria,
1201 3028 1370 3112 Mesopota·
1466 3003 1467 3091 l

303 3127 443 3213 miaeqne
478 3150 556 3214 pars,
579 3130 733 3197 babilonia
768 3140 813 3197 est
843 3133 997 3217 appellata.
1034 3132 1095 3198 Sed
1130 3153 1197 3199 eam
1219 3133 1371 3200 drbaotns

306 3233 483 3302 Maedornm
507 3236 686 3321 praelectus,
715 3240 797 3324 llege
822 3239 1022 3325 Sardanapalo
1045 3260 1062 3305 a
1084 3258 1117 3304 se
1140 3238 1305 3319 trucidato,
1329 3260 1373 3306 re·
1465 3277 1466 3343 q

376 3454 414 3522 (l)
435 3453 455 3508 lt
476 3454 649 3512 Frescobaldi
675 3458 732 3512 eost
759 3455 818 3514 dica
835 3455 877 3514 del
896 3455 989 3514 Caico:
1009 3457 1185 3530 Ginngemmo
1203 3457 1229 3513 al
1247 3457 1374 3515 Cairoed

305 3555 321 3596 a
338 3540 481 3597 babilonia
499 3541 548 3599 ebe
566 3543 582 3599 t
599 3543 679 3615 qnasi
698 3559 753 3600 nna
775 3544 921 3602 medesima
945 3561 1015 3601 cosa.
1033 3545 1062 3601 Si
1081 3548 1096 3601 e
1115 3559 1170 3601 nna
1194 3545 1374 3617 grandissima

305 3626 370 3682 eitta
388 3627 416 3684 di
436 3629 469 3684 l8
494 3629 584 3702 miglis
610 3629 701 3702 opiir,
719 3647 734 3688 e
752 3630 780 3688 di
808 3629 948 3703 larghezza
972 3635 987 3687 e
1005 3632 1079 3704 larga
1105 3633 1123 3688 8
1141 3632 1239 3704 miglia.
1259 3632 1372 3697 Eranri,

308 3712 417 3784 qnando
435 3714 463 3770 vi
480 3715 582 3773 inmmo
600 3716 645 3773 noi
663 3717 732 3782 tanti
755 3718 865 3789 navigli,
884 3717 933 3775 cbe
951 3719 1118 3775 accozzando
1141 3727 1244 3791 quanto
1263 3735 1297 3776 ne
1315 3717 1374 3778 vini
1463 3757 1464 3848 1

308 3801 362 3856 mai
382 3802 424 3858 nel
442 3813 520 3876 porto
543 3805 572 3861 di
590 3806 714 3876 Genera,
733 3807 761 3863 di
788 3806 906 3864 Veneria
925 3823 939 3863 e
957 3807 985 3864 di
1005 3811 1136 3876 Ancona,
1155 3824 1210 3865 non
1229 3807 1374 3868 sarebbero

308 3887 328 3943 il
346 3897 418 3946 terzo
436 3891 485 3948 che
503 3908 585 3949 erano
602 3894 688 3966 quivi.
