2968 4752
751 333 926 398 -ttu-

210 489 215 499 “
308 506 401 574 urbes
423 504 661 592 quamplurimas
684 525 772 572 secus
795 505 933 592 Aegeum
956 519 1040 570 mare
1063 505 1143 583 sitas,
1160 497 1254 582 Eoos,
1278 508 1374 584 Folle,

306 614 449 690 Athenas,
465 611 617 697 quondam
633 612 902 697 praeclarissimam
921 629 955 676 ac
970 610 1236 676 celebratissimam
1251 611 1374 688 urbem,

313 719 401 796 Tine,
423 719 607 799 Linulliopue
629 716 722 784 urbes
744 718 886 804 insignes,
912 735 1043 803 quarum
1066 736 1157 802 quam
1180 716 1274 782 multa
1301 724 1377 780 sunt

304 824 433 892 castella.
456 824 551 889 Porro
574 823 722 888 civitatem
757 822 839 889 illam
870 823 1089 907 amplissimam
1115 824 1250 905 Captum
1274 841 1376 905 nuper

306 930 344 996 ab
367 949 403 995 eo
435 937 552 1015 captam
585 927 659 1015 quid
687 929 820 1014 loquarl
850 929 889 994 Et
912 929 1042 1012 symm
1071 927 1181 994 urbem
1209 927 1376 1012 omniaque

306 1033 414 1120 oppida
437 1043 468 1099 et
488 1035 583 1099 multa
606 1043 695 1120 atque
718 1033 844 1111 munita,
860 1052 938 1121 quae
954 1034 1113 1099 Ponticum
1135 1052 1219 1098 mare
1242 1032 1376 1098 circum·-

306 1147 393 1216 stant,
417 1158 473 1204 nec
488 1139 558 1204 sciri
573 1160 589 1204 a
605 1139 702 1218 uobis,
727 1158 783 1206 nec
805 1139 876 1204 satis
899 1148 1026 1224 possunt
1048 1139 1231 1205 enumerari.
1247 1137 1376 1204 Noveno

307 1266 439 1334 namque
461 1256 573 1325 exacto,
597 1247 654 1314 hoc
676 1257 730 1326 est,
754 1249 858 1314 Primo
881 1248 958 1313 Sixti
973 1249 1016 1315 IV
1032 1245 1186 1312 Pontificis
1208 1263 1296 1321 anno,
1313 1243 1377 1310 duo

308 1352 548 1418 Christianorum
571 1353 708 1438 imperia,
732 1371 823 1438 regna
846 1363 985 1440 quatuor,
1008 1350 1176 1438 provincias
1197 1348 1280 1426 XX,
1304 1368 1376 1414 mn·

301 1460 384 1526 ,nitas
405 1459 497 1526 urbes
521 1458 571 1525 CC
594 1479 650 1526 suo
672 1458 833 1544 subegerat
855 1459 984 1544 imperio
1006 1455 1064 1544 (l).
1085 1458 1152 1537 Quo
1185 1477 1202 1522 a
1236 1464 1377 1539 tempore

308 1563 452 1648 Capham
476 1563 639 1648 peringens
662 1563 873 1647 municipium,
897 1571 927 1627 et
950 1563 1108 1626 innumera
1132 1559 1377 1625 Christianorum

306 1667 415 1753 oppida
438 1667 526 1752 cepit.
550 1667 759 1734 Praetermitto
780 1666 929 1751 plurimas
951 1665 1065 1730 insulas
1087 1667 1201 1743 Melo,
1225 1672 1255 1729 et
1276 1663 1379 1729 Enbe-

307 1793 358 1840 am
379 1774 462 1860 quod
486 1775 651 1860 vulgatiora
671 1773 836 1851 vocabulo,
868 1765 1001 1859 Nigrum
1032 1775 1154 1840 Pontem
1178 1779 1376 1856 nuncupant,
1468 1811 1469 1814 =

306 1881 465 1958 Mitilene,
503 1881 658 1965 Thyssos,
693 1881 874 1957 Stulimene,
897 1882 1073 1956 Xanthum,
1098 1887 1242 1964 utquam
1264 1877 1377 1942 multas

307 1986 388 2063 alias,
412 2005 542 2071 quarum
566 1987 740 2071 ignoramus
762 1985 914 2052 vocabula.
938 1985 1050 2051 Omitto
1073 1986 1174 2052 Scutri
1196 1983 1376 2060 castellum,

308 2089 390 2176 quod
413 2109 484 2174 pace
508 2109 588 2155 nunc
610 2089 702 2156 modo
725 2090 781 2155 icta
806 2109 877 2155 cum
900 2089 1025 2158 Venetis
1048 2087 1106 2155 sihi
1134 2087 1282 2155 tribulum
1312 2096 1375 2164 est,

308 2213 372 2280 quo
393 2193 538 2260 nimirum
562 2193 599 2258 ad
623 2194 738 2259 Italiam
763 2195 809 2261 via
832 2196 891 2262 late
914 2196 1056 2283 patefacta
1078 2204 1133 2272 est,
1150 2204 1184 2260 ut
1198 2203 1282 2260 antea
1298 2192 1377 2258 dixis

308 2318 389 2365 mus.
413 2299 504 2366 Sileri
527 2299 593 2366 volo
617 2299 780 2366 maximam
803 2303 1012 2387 munitamque
1035 2302 1161 2367 classem
1175 2299 1214 2365 ab
1228 2319 1260 2366 se
1277 2318 1377 2384 nuper

307 2405 504 2500 instructam,
539 2415 569 2472 et
598 2405 755 2492 pedestres
785 2406 1026 2474 innumerabiles
1057 2425 1134 2491 pene
1175 2405 1275 2491 copias
1316 2403 1376 2491 (2),

306 2581 521 2604 *nu—-

305 2667 357 2719 sua
374 2668 459 2718 morte
477 2667 614 2718 avveuuta
630 2662 674 2719 nel
695 2662 761 2720 1467
781 2677 797 2718 a
816 2662 902 2719 Lissa.
920 2662 933 2719 1
953 2661 1067 2720 lliriditi
1085 2660 1210 2729 cattolici¹
1228 2659 1261 2716 ed
1277 2659 1378 2718 illon-

307 2749 438 2822 tenegrini
449 2749 604 2818 eterodossi,
624 2766 691 2808 sono
701 2751 728 2806 ai
740 2751 826 2807 nostri
844 2750 953 2823 giornii
973 2751 1021 2822 piir
1034 2749 1113 2822 degni
1130 2748 1203 2807 eredi
1221 2746 1267 2806 del
1283 2749 1378 2806 valore

184 2871 187 2878 ·
306 2837 411 2902 adolla
427 2838 556 2896 memorio
573 2838 616 2895 del
635 2839 735 2912 mande
753 2839 888 2897 Castriota
905 2871 939 2881 -
959 2839 997 2896 La
1015 2837 1304 2906 Valacchia‚l'1talia
1322 2836 1378 2898 del.-

307 2923 326 2980 l'
335 2924 452 2994 Oriente
470 2926 573 2984 abitata
590 2925 635 2984 dai
654 2926 786 2994 flumeni,
803 2924 860 2998 figli
878 2925 921 2982 dei
940 2925 1027 2983 coloni
1042 2924 1121 2983 latini
1133 2925 1215 2982 messi
1232 2923 1268 2982 da
1286 2925 1380 2992 urua-

307 3009 344 3068 no
362 3012 405 3069 nel
424 3013 475 3068 lto
493 3011 563 3069 nella
581 3013 672 3082 Dacia
690 3013 720 3069 fu
738 3012 806 3069 tatto
824 3012 985 3081 tributaria,
1003 3028 1048 3069 ma
1066 3027 1121 3068 nnn
1138 3011 1231 3080 uinta,
1249 3009 1284 3068 da
1303 3011 1377 3069 llae-

307 3107 391 3160 metto
410 3101 435 3157 ll
452 3101 497 3157 nal
516 3101 594 3160 1463.

379 3189 420 3259 (ll
439 3189 529 3244 iliano
556 3186 689 3261 qnestii
686 3187 784 3246 fdus
776 3189 874 3263 tmperi
899 3189 927 3246 (li
954 3188 1169 3262 Gustantinopoli
1194 3203 1210 3246 ο
1235 3186 1266 3244 ‹li
1282 3187 1378 3245 Trahi-

306 3221 511 3349 sonda‚'1regui
528 3276 557 3334 di
578 3276 794 3347 Croaainllliria,
812 3277 844 3336 di
859 3279 1013 3348 Volumnia,
1025 3277 1055 3335 di
1075 3277 1177 3346 Serbie,
1189 3277 1218 3334 di
1230 3276 1377 3351 Tessaglia,

307 3365 427 3424 Albania
434 3381 452 3430 c
465 3363 630 3425 Macedonia.
649 3365 749 3423 tnoltre
767 3366 914 3424 lloomstto
926 3365 953 3424 11
964 3381 1032 3424 sven
1045 3365 1191 3440 portigiani
1202 3365 1378 3439 dappertutlo

308 3469 324 3510 e
343 3454 422 3533 molti
436 3453 524 3512 anche
542 3457 571 3510 in
589 3453 676 3524 Italia,
699 3455 847 3514 avrebbero
874 3471 965 3514 musso
982 3456 1002 3512 il
1020 3455 1096 3529 giogo
1114 3455 1158 3512 dei
1183 3455 1242 3513 loro
1259 3454 1377 3528 principi

310 3557 358 3614 per
376 3540 449 3598 darei
467 3541 493 3597 ai
512 3541 622 3599 Turoni.
640 3540 691 3598 llel
710 3541 786 3610 1480,
807 3541 922 3600 essendo
940 3542 1053 3599 otrantu
1072 3540 1206 3600 assediata
1218 3542 1264 3599 dai
1276 3541 1378 3600 'l'urclri

309 3628 385 3686 molti
403 3627 500 3687 soldati
519 3627 544 3685 N
546 3628 680 3700 spoletani
699 3644 847 3701 passarono
864 3637 937 3688 sotto
953 3630 978 3686 le
995 3631 1054 3686 loro
1071 3628 1207 3687 bandiera.

381 3716 420 3787 (2)
441 3717 495 3772 Era
513 3723 609 3790 questa
632 3717 660 3774 la
677 3716 754 3774 ssotta
774 3719 819 3791 gia
836 3725 982 3790 preparata
999 3717 1064 3774 alla
1070 3717 1187 3775 llallona
1203 3715 1230 3773 (1
1243 3716 1342 3789 Epiro,
1362 3731 1377 3776 e

310 3801 360 3858 olto
378 3803 457 3874 pochi
476 3806 542 3862 mesi
560 3804 632 3878 dopo
649 3805 748 3863 abarce
763 3806 798 3863 ad
817 3807 939 3873 ouante,
958 3821 1038 3864 scum
1056 3805 1108 3865 che
1122 3805 1143 3862 il
1160 3821 1232 3930 papo
1255 3805 1318 3862 .'ed
1310 3822 1320 3862 r
1336 3805 1377 3862 ui.-

310 3890 399 3950 smrdi
417 3890 534 3966 principi
553 3893 580 3950 d
590 3893 667 3950 ltalia
685 3901 835 3966 potesssro
841 3893 992 3966 irnpedirlo.
1048 3945 1050 3950 ,
1149 3947 1152 3952 .
