2970 4730
571 335 751 402 -oo-

124 511 227 580 smodi
241 512 306 589 alia,
323 530 400 597 qnae
416 510 505 576 etiam
528 511 559 576 in
582 509 647 576 dies
670 519 760 596 atque
776 508 807 573 16
823 507 921 586 boras,
938 509 975 574 ad
992 508 1092 576 ltaliae
1107 527 1191 574 oram

123 641 140 686 6
162 618 403 704 negociatoribus
427 616 630 702 perferuntur.
655 615 717 682 Sed
740 615 814 681 haec
837 615 923 681 nobis
954 624 984 681 et
1014 614 1140 681 mirifica
1163 605 1195 704 et

122 724 299 792 admiranda
323 723 472 788 videntur.
497 722 706 803 Quamobrem
729 731 760 786 et
781 720 836 786 alia
860 720 962 807 (quae
985 720 1022 785 ad
1045 740 1098 786 nos
1123 729 1152 785 et
1167 721 1192 785 si

123 851 186 896 non
210 828 398 894 devehantur
424 829 469 893 vel
493 828 623 913 ingentia
646 829 694 893 vel
717 826 890 892 admiranda
924 824 1107 910 narrantur)
1131 845 1193 894 ,cur

124 935 296 1001 dicentibus
319 953 380 999 non
403 933 553 1012 credatur,
577 943 643 999 tum
666 933 856 1019 praesertim
869 952 966 1019 quum
982 933 1084 999 Indiae
1102 921 1198 996 rebus

123 1041 234 1106 similia
264 1049 315 1105 aut
344 1039 528 1105 mirabiliora
558 1042 721 1126 legamus?
751 1040 839 1106 Nunc
869 1061 886 1106 a
921 1039 1033 1105 ratione
1068 1038 1192 1124 quidem

122 1147 257 1213 alienum
281 1155 335 1224 est,
359 1155 393 1211 ut
415 1146 601 1232 singularum
625 1147 870 1231 provinciarum,
895 1155 925 1213 et
947 1165 1070 1232 quoque
1094 1145 1192 1229 singu·

123 1255 202 1320 lares
226 1251 360 1338 proferat
390 1252 524 1330 humus,
556 1262 587 1320 et
617 1254 716 1338 potius
747 1255 847 1319 solum
878 1253 992 1337 potiora
1023 1251 1194 1337 perducat‘t

123 1359 236 1444 Liquet
258 1377 329 1422 sane
352 1356 493 1422 tellurem
517 1357 664 1423 Indorum
687 1366 717 1423 et
740 1357 869 1423 uberem
893 1377 969 1431 esse,
994 1366 1024 1422 et
1046 1350 1198 1434 maxima

124 1460 297 1550 optimaque
321 1461 395 1527 coeli
418 1462 565 1547 temperie
589 1472 619 1528 et
633 1482 798 1550 aequarum
815 1462 993 1528 abundantia
1010 1459 1197 1528 redundare.¹

122 1572 204 1649 Quas
227 1569 266 1633 ob
289 1587 338 1633 res
362 1576 391 1632 61
414 1567 530 1633 tructus
554 1568 601 1634 bis
624 1571 799 1646 annuatim,
824 1577 854 1634 et
876 1576 973 1633 166166
1008 1566 1193 1652 proceritatis

123 1675 248 1742 arbores
271 1675 379 1760 gignit,
403 1683 437 1740 ut
459 1675 571 1760 sagittis
594 1676 730 1761 superari
754 1683 916 1761 nequeant.
940 1673 1072 1740 Proinde
1099 1673 1193 1738 mirae

124 1800 248 1868 quoque
279 1780 494 1866 magnitudinis
526 1790 670 1866 generant
701 1780 922 1867 cujuscumque
952 1780 1073 1865 generis
1096 1783 1193 1865 poma.

123 1889 204 1973 Pyra
227 1906 359 1972 namque
382 1886 643 1972 quemadmodum
667 1887 792 1952 attestati
812 1886 909 1964 luere,
927 1887 980 1971 qui
996 1885 1048 1952 diu
1064 1886 1095 1951 in
1110 1885 1195 1952 India

122 1992 232 2058 morati
256 1999 342 2068 sunt,
365 1990 530 2056 cucurbitis
553 1990 692 2076 oblongis
716 1991 798 2076 paria
829 1990 970 2056 videntur
1002 2010 1078 2056 esse.
1109 1991 1194 2055 Duos

122 2097 276 2184 siquidem
307 2097 445 2162 homines
478 2096 514 2161 ad
545 2097 637 2162 unius
660 2097 728 2182 pyri
753 2117 841 2163 esum
871 2097 1194 2183 consumptionemque

122 2203 174 2268 vix
198 2201 346 2267 sufficere.
371 2202 447 2269 Mala
471 2220 543 2266 vero
566 2201 650 2287 pyris
675 2202 762 2287 longe
786 2201 916 2288 majora,
948 2201 1193 2288 quandoquidem

121 2318 241 2394 septem
263 2306 401 2372 homines
424 2327 533 2373 umore
550 2307 704 2374 dumtaxat
728 2316 951 2374 exsaturentur.
975 2309 1102 2390 Persica
1118 2307 1193 2377 adeo

121 2417 288 2492 immensa,
312 2415 438 2481 6111166
461 2435 499 2480 ex
522 2416 640 2482 interno
672 2437 738 2483 osse
762 2418 889 2501 pocula,
914 2416 1070 2502 sciphiquc
1101 2435 1193 2502 quam

120 2521 275 2607 aptissime
298 2520 505 2588 conficiantur.
530 2520 624 2587 alites
648 2542 770 2608 quoque
794 2521 867 2586 varii
890 2530 920 2586 et
942 2522 1076 2587 maximi.
1105 2523 1192 2588 Dilli-

118 2628 179 2694 cile
210 2646 320 2712 nempe
351 2627 389 2692 ab
422 2648 483 2693 uno
515 2627 638 2693 11661166
670 2628 807 2712 singulus
830 2646 918 2692 anser
948 2628 1059 2710 portari
1083 2637 1189 2711 potest.

119 2733 256 2800 Pedibus
280 2751 389 2818 nempe
420 2742 450 2798 et
480 2732 505 2798 si
537 2733 647 2798 nostris
670 2732 829 2798 anseribus
852 2732 1013 2817 comparati
1035 2731 1192 2805 breviores

118 2836 192 2917 siut,
216 2847 359 2905 cunctum
385 2847 484 2904 166166
508 2859 619 2925 corpus
643 2839 815 2925 pergrande
839 2848 893 2905 est.
918 2839 981 2905 Sed
1003 2839 1076 2905 haec
1097 2839 1123 2904 si
1146 2839 1192 2906 iu·

120 2942 275 3011 credibilia
297 2943 428 3028 cuipiam
453 2943 630 3023 videantur,
655 2964 768 3030 quaeso
792 2954 826 3011 ut
849 2965 902 3030 par
925 2945 990 3029 pari
1012 2944 1192 3013 reseramus.

119 3051 161 3114 Et
184 3047 222 3114 de
245 3048 280 3113 iis
303 3047 384 3134 apud
407 3067 462 3114 nos
478 3049 618 3133 exempla
635 3068 806 3117 sumamus.
824 3051 939 3129 Quanta
957 3069 1089 3136 namque
1104 3070 1211 3137 gran·

120 3154 211 3220 ditate
235 3173 328 3220 nuces
351 3163 535 3239 superentur
566 3175 582 3220 a
613 3155 700 3220 malis
731 3155 865 3241 prolecto
896 3157 1059 3222 cernimus.
1091 3154 1193 3242 Atque

119 3260 209 3347 cujus
232 3260 444 3346 magnitudinis
468 3261 527 3326 sint
550 3261 670 3327 Indicae
701 3282 794 3329 nuces
825 3262 1048 3348 conspicimus,
1080 3263 1193 3347 quibus

120 3364 146 3430 si
169 3373 216 3430 ter
238 3373 407 3451 quaterque
431 3363 544 3450 majora
567 3363 681 3430 luerint
703 3365 768 3450 pira
792 3385 938 3452 6661616,
969 3385 1082 3451 quaero
1105 3365 1192 3452 cujus

120 3468 332 3534 immensitatis
356 3469 433 3534 mala
455 3468 581 3554 piraque
612 3469 811 3554 computanda
841 3477 951 3547 erunt,
984 3488 1081 3555 quum
1111 3471 1193 3555 apud

120 3595 175 3642 nos
206 3584 361 3661 tantopere
393 3574 522 3660 disparia
555 3575 710 3642 videamus
742 3585 772 3642 et
794 3576 962 3661 ingentiora
986 3577 1073 3661 longe
1104 3596 1193 3662 poma

120 3700 215 3767 quam
230 3701 324 3747 nuces
341 3701 417 3759 esse,
434 3682 605 3767 aliquorum
621 3681 800 3766 praesertim
815 3701 973 3766 generum.
987 3681 1073 3751 11111111
1089 3701 1192 3767 grana,

119 3787 298 3874 hastiliaque
321 3796 417 3853 166166
441 3796 512 3853 sunt
533 3787 743 3872 grossitudinis
764 3796 852 3872 atque
870 3787 1072 3865 sublimitatis,
1093 3789 1193 3855 utrix

122 3893 269 3960 credibile
294 3893 439 3961 videatur.
464 3893 652 3978 Vigenorum
676 3893 758 3960 enim
781 3893 953 3961 cubitorum
977 3894 1063 3961 millii
1087 3896 1191 3981 stipes,
