2970 4730
570 389 745 460 ..372

126 568 258 636 hrabiae'
286 567 414 646 scilicet,
446 567 568 654 Syriae,
601 569 735 649 Ciliciae,
766 571 912 646 Isauriae,
942 573 1188 658 Mesopotamiae,

125 675 300 753 Armeniae,
328 675 539 761 Cappadociae,
564 675 699 756 Cirenae,
726 676 855 756 Africae,
883 678 1053 758 Numidiae,
1078 681 1190 749 Mauri·

124 785 235 862 taniae,
259 782 313 848 scd
336 799 374 848 ex
396 802 488 868 quam
516 784 638 849 remotis
668 784 776 850 mundi
799 785 902 870 plagis.
937 786 1040 854 Veluti
1063 787 1191 864 Parthis,

126 890 254 968 Medis,
278 891 405 968 Persis,
436 888 655 976 hethyopibus,
687 891 781 970 Indis,
812 891 929 970 Turcis,
961 892 1106 970 Graecis,
1131 895 1194 961 Ma-

126 995 313 1073 cedonibus,
345 996 501 1074 Tracibus,
533 997 643 1076 Scitis,
678 1007 708 1063 et
734 1006 794 1064 toto
825 998 1036 1083 septentrionis
1067 998 1142 1065 orbe
1165 1007 1194 1064 et

126 1103 279 1186 Europae.
304 1102 382 1167 Tum
410 1101 588 1185 praesertim
619 1101 657 1167 oh
682 1102 895 1188 negotiationes
926 1123 1031 1169 rerum
1058 1104 1195 1169 omnium

128 1217 159 1274 et
181 1207 371 1286 commercia,
399 1227 476 1294 quae
507 1208 582 1275 hanc
605 1209 714 1276 urbem
739 1210 891 1296 Memphis
913 1211 1057 1297 maj0rem
1081 1211 1111 1277 in
1136 1231 1197 1277 mo

129 1315 206 1380 dum
229 1313 446 1380 circumierunt
467 1324 557 1400 atque
580 1316 779 1402 suppeditant.
797 1317 943 1383 Omnium
966 1328 1067 1383 anmm
1091 1336 1197 1383 rerum

130 1419 379 1486 exuberatissima
406 1429 452 1485 est
481 1420 649 1505 opulentia,
674 1440 733 1486 nou
764 1422 865 1487 solum
887 1441 1020 1507 quarum
1050 1421 1198 1508 Aegyptia

96 1545 99 1548 ·
130 1527 224 1614 gignit
247 1525 368 1604 humus,
393 1526 446 1592 sed
468 1547 547 1612 quae
573 1536 675 1593 autem
698 1529 857 1594 innumera
887 1528 1072 1594 camelorum
1095 1528 1198 1593 multi·

126 1633 236 1699 tudine
260 1651 298 1697 ex
320 1631 426 1718 Majori
448 1630 530 1709 Asia,
553 1633 700 1719 Indiaque
724 1633 913 1718 praesertim,
941 1642 992 1699 aut
1014 1652 1052 1698 ex
1076 1631 1199 1698 hilirica

129 1749 161 1806 et
183 1738 316 1825 Eumpa,
340 1740 455 1824 navigio
478 1738 516 1804 ad
539 1737 754 1805 Alexandriam
786 1739 955 1806 devehitur.
985 1739 1103 1804 Exinde
1127 1759 1199 1804 vero

130 1845 310 1930 Memphim,
334 1845 458 1911 navibus
481 1865 537 1930 per
564 1844 658 1910 hostia
681 1845 742 1911 Nili
765 1853 816 1910 aut
838 1845 961 1911 camelis
992 1845 1198 1930 perimuntur.

124 1951 233 2037 ¹Atque
255 1951 280 2016 si
311 1951 440 2017 celerius
470 1960 620 2036 oporteat,
645 1952 805 2038 Memphis,
830 1971 896 2024 rem
918 1973 935 2018 a
957 1951 1094 2038 principe
1117 1951 1198 2030 sciri,

130 2077 191 2123 non
214 2057 337 2124 homine
363 2057 549 2144 jumentove,
574 2061 627 2126 sed
658 2061 807 2128 columbis
838 2061 970 2128 humana
1001 2071 1063 2128 arte
1087 2062 1129 2128 sic
1152 2062 1199 2128 in·

21 2205 23 2214 ·
129 2162 272 2240 structis,
296 2162 435 2228 litterulis
457 2164 518 2230 aliti
545 2166 702 2250 appensis,
726 2166 926 2252 percitissimo
950 2167 1048 2234 volatu
1073 2176 1198 2252 repente

123 2266 324 2354 significatur.
348 2267 395 2356 (l)
419 2268 548 2356 Aegypti
575 2271 664 2337 totius
688 2292 740 2338 ora
766 2291 837 2338 cum
854 2273 891 2339 sit
915 2273 946 2338 in
969 2272 1198 2339 meridionalem

123 2373 249 2458 plagam
271 2373 335 2452 sita,
363 2382 472 2440 aestate
502 2375 608 2440 caloris
639 2376 799 2442 ardoribus
830 2379 937 2462 procul
967 2377 1059 2443 dubio
1082 2376 1197 2453 candet,

129 2478 242 2565 quibus
273 2497 333 2544 non
359 2480 459 2545 solum
485 2479 623 2546 homines
647 2482 889 2567 subnigrescuut,
921 2483 976 2550 sed
1004 2484 1085 2568 turpi
1108 2482 1199 2548 etiam

128 2583 302 2650 afficiuntur
324 2586 445 2664 marcio,
469 2586 494 2651 si
517 2586 548 2651 in
572 2586 618 2652 his
649 2589 782 2654 aestibus
813 2588 956 2656 diuturno
987 2590 1197 2675 laboriosoque

129 2709 224 2776 opere
250 2710 284 2756 se
314 2709 347 2756 se
377 2691 610 2778 defatigaverint.
642 2697 739 2774 Quam
770 2695 808 2760 ob
838 2714 923 2774 rem,
955 2695 1069 2761 cunctis
1096 2695 1196 2780 Kayr‚

129 2795 283 2874 domibus,
311 2806 442 2863 reserato
458 2799 594 2883 paenitus
609 2798 675 2885 atrij
700 2809 789 2878 tecto,¹
804 2800 903 2885 paries
926 2799 1076 2886 angularis
1092 2799 1198 2864 decem

129 2901 350 2987 quindecemvc
373 2903 545 2970 cubitorum
568 2926 658 2972 aurae
673 2905 779 2972 datum
803 2926 963 2992 capessens
979 2905 1196 2991 supereminet,

129 3007 182 3072 illo
205 3007 343 3074 videlicet
365 3010 500 3094 angulari
530 3011 643 3078 ambitu
674 3021 876 3099 prospectans,
899 3034 962 3099 quo
993 3013 1125 3078 maxime
1149 3029 1197 3076 re-

123 3113 280 3178 centiores
303 3113 383 3180 venti
406 3125 628 3183 consueverunt
655 3116 767 3184 afflare.
792 3118 851 3198 Qui
874 3120 963 3204 plane
985 3119 1040 3185 hac
1063 3126 1126 3184 arte
1149 3117 1198 3182 de·

130 3219 225 3297 missi,
242 3218 419 3305 refrigerant
433 3221 636 3289 immorantes.
653 3225 753 3309 lgneis
768 3245 840 3291 vero
861 3225 1012 3292 caloribus
1036 3222 1198 3290 secedenti·

131 3324 190 3391 bus
212 3325 305 3391 subiit
326 3327 467 3393 continuo
490 3327 521 3393 in
544 3348 666 3395 omnem
683 3329 875 3417 Aegyptum,
900 3331 1047 3418 quaedam
1068 3327 1196 3396 salubris

131 3430 268 3518 laetaque
302 3433 465 3518 temperies
488 3443 518 3499 et
540 3453 593 3500 ver
615 3436 782 3522 aequabile.
807 3439 874 3516 Quo
897 3436 1050 3522 propulsis
1073 3433 1195 3500 omnino

131 3534 348 3622 hybernalibus
374 3539 611 3626 tempestatibus,
642 3541 763 3630 frigoris
785 3552 816 3610 et
837 3545 907 3631 gelu
930 3537 1196 3628 nimborumvcsjet

133 3696 351 3717 *ι-

203 3795 243 3865 (l)
264 3794 434 3870 b'adoprare
458 3798 468 3854 i
486 3797 600 3856 colombi
618 3815 666 3873 per
684 3798 812 3856 mandare
829 3799 937 3857 notizie
955 3799 990 3858 da
1008 3815 1045 3858 un
1064 3773 1196 3875 luogoal·

131 3880 237 3951 l’altro,
256 3885 334 3942 tuso
352 3885 539 3945 antichissimo
550 3888 579 3944 in
592 3887 711 3946 Oriente.
729 3888 850 3946 Duraute
862 3888 889 3946 la
900 3904 995 3962 guerra
1013 3889 1196 3965 franco-pras·

131 3968 209 4027 siaua
227 3971 360 4029 ancheiu
380 3973 495 4032 Francia
512 3990 629 4033 vennere
653 3975 682 4032 in
700 3991 769 4048 vega
786 3975 796 4032 i
813 3975 928 4052 columbi
947 3979 1139 4052 messaggieri..
