2932 4728
745 363 922 434 ..blla-

300 543 478 630 praesertim
503 541 658 630 refrigerio
682 553 711 608 et
734 539 953 609 humectatione
981 540 1122 608 dantibus
1144 539 1377 620 ardentioribus-

298 650 418 716 austris.
442 649 571 716 Maxima
593 659 639 716 est
661 649 754 716 tutius
784 649 919 736 corporis
950 648 1116 727 recreatio,
1142 658 1209 715 tum
1232 649 1369 713 maxime

300 754 325 819 si
349 774 408 820 non
432 754 563 841 hyemali
593 764 730 842 tempore
753 755 871 821 deserta
902 759 1051 840 petantur.
1084 755 1119 821 ln
1142 753 1253 839 quibus
1275 751 1369 819 etiam

300 861 386 927 binos
409 869 572 948 ternosque
595 859 660 928 dies
684 861 949 948 pemmbnlautes,
980 860 1079 928 nullas
1102 859 1187 926 ullibi
1211 858 1371 924 inveniunt

299 985 418 1053 aequas.
448 967 546 1045 Quam
581 963 619 1032 oh
650 986 770 1032 causam
801 965 862 1032 vini
893 961 1062 1051 plurimum
1093 982 1198 1029 secum
1229 963 1370 1049 perferre

298 1072 415 1140 cautius
442 1082 496 1138 est.
527 1073 665 1140 iumenta
695 1093 768 1139 vero
799 1072 916 1144 facilius
946 1071 1028 1138 sitim
1057 1070 1226 1156 perierunt,
1250 1069 1370 1136 Cameli

300 1175 501 1264 potissimum,
525 1179 578 1265 qui
600 1199 667 1246 eam
690 1179 793 1257 biduo,
818 1179 956 1245 triduore
982 1197 1076 1264 quam
1098 1177 1183 1244 facile
1207 1175 1369 1254 sustinent,

299 1301 356 1350 nee
385 1292 485 1350 tamen
515 1284 595 1349 vires
629 1283 834 1371 gradientibus
869 1283 1001 1362 desunt,
1036 1283 1106 1349 licet
1135 1281 1217 1368 gravi
1240 1282 1370 1368 ponderi

299 1390 359 1455 sint
380 1389 491 1456 onusti.

388 1500 566 1564 bodonicus.
598 1496 680 1563 Num
711 1506 741 1563 et
763 1498 923 1583 epularum
954 1497 1054 1563 culina
1084 1496 1115 1561 in
1139 1494 1264 1560 desertis
1295 1497 1369 1561 esti

299 1603 375 1684 Quia
398 1612 429 1669 et
450 1603 539 1671 altilia
561 1612 592 1670 et
613 1622 719 1671 carnes
742 1602 956 1690 comportanda
988 1620 1291 1680 commemoraveras,
1314 1601 1369 1668 ubi

299 1710 367 1788 ioci,
391 1709 444 1775 ubi
466 1709 502 1776 ad
526 1709 721 1797 coquendum
746 1709 853 1796 ligna?

387 1814 569 1883 Alexander.
593 1815 745 1903 Equidem
769 1835 829 1882 non
859 1835 937 1901 quae
952 1813 1053 1901 accepi
1072 1815 1207 1895 auribus,
1220 1815 1274 1882 sed
1291 1834 1369 1901 quae

298 1920 336 2008 ijs
359 1922 500 2007 perspexi
532 1923 649 1999 oculis,
680 1922 762 1990 olera
785 1942 845 1990 nou
875 1921 965 1988 modo
996 1930 1026 1988 et
1047 1922 1206 2008 pisciculos
1236 1923 1370 1990 minutos

297 2034 362 2114 sere
382 2039 493 2110 emptor
514 2033 618 2107 obelo,
650 2038 683 2095 ut
706 2029 756 2095 ille
786 2029 920 2109 diceret,
952 2028 1006 2096 sed
1028 2028 1144 2116 dapes,
1174 2050 1266 2118 quam
1290 2031 1370 2098 lauto

295 2134 467 2211 instructas,
491 2133 608 2199 heremi
626 2135 762 2220 virgultis
777 2134 946 2204 arbustisve
962 2145 991 2202 et
1007 2137 1191 2222 longioribus
1213 2136 1370 2204 hastilibus
1460 2111 1461 2136 ¹

299 2241 330 2306 in
352 2240 471 2318 arenis,
495 2248 547 2306 aut
570 2241 744 2327 compositis
768 2242 851 2308 silice
874 2242 968 2320 iocis,
1001 2243 1169 2328 peregrinis
1193 2243 1223 2308 in
1246 2263 1371 2310 caenam

298 2347 428 2414 conferri
443 2366 661 2433 saepenumero
678 2347 747 2424 ridi,
764 2356 794 2414 et
816 2347 855 2416 ita
871 2368 991 2415 mensas
1014 2348 1276 2435 conquisitissimis
1299 2369 1371 2434 epu·

298 2453 335 2519 hs
350 2452 494 2519 construi.
510 2455 550 2522 Ut
565 2453 655 2519 etiam
670 2453 873 2540 virgilianum
890 2454 965 2520 illud
980 2455 1025 2520 rei
1042 2456 1112 2522 huic
1128 2475 1219 2542 quam
1234 2455 1370 2541 aptissim
1459 2443 1460 2446 ¹

289 2569 487 2646 'congrueret
509 2564 680 2628 minuimur
702 2564 803 2628 thoros
825 2564 1009 2648 dapibusque
1031 2567 1231 2644 epulabantur
1253 2567 1370 2646 opimis.

206 2753 210 2764 ¹
386 2671 565 2736 badericus.
589 2668 703 2736 Cunaata
726 2687 764 2734 ne
787 2667 931 2735 heremus
955 2669 1002 2734 his
1027 2669 1164 2754 virgultis
1187 2669 1371 2754 stirpibusve

293 2776 406 2842 referta
428 2784 484 2853 est,
508 2776 639 2842 maxime
655 2795 753 2862 quum
772 2774 882 2846 diebus
898 2775 1004 2846 multis
1021 2795 1077 2861 per
1099 2795 1204 2842 arenas
1228 2775 1371 2842 incedere

297 2889 332 2946 ut
353 2880 458 2958 fertur,
482 2899 605 2946 necesse
628 2881 695 2948 siti

385 2984 566 3050 Aleeander.
589 2985 705 3050 Passim
728 2983 825 3050 ferme
848 3003 904 3072 per
927 2983 1090 3051 heremum
1114 2986 1243 3072 uirgulta
1267 2985 1370 3063 densa,

295 3109 399 3157 narare
423 3089 627 3175 reperiuntur.
651 3091 734 3170 Quae
758 3099 788 3156 et
812 3091 837 3156 si
862 3090 961 3158 desint
984 3092 1145 3177 aliquando
1168 3091 1316 3158 maximas
1331 3091 1369 3156 ob

297 3198 433 3262 locorum
462 3213 622 3260 arenarum
653 3195 862 3273 sterilitatem3
894 3195 1060 3262 ardentiori
1083 3206 1184 3262 tamen
1214 3196 1301 3282 igne,
1333 3216 1371 3262 ex

297 3302 482 3368 camelorum
505 3298 638 3366 coniecto
661 3310 795 3370 stercore
819 3300 915 3388 (quod
938 3320 1016 3387 pene
1039 3302 1167 3368 ubilibet
1189 3302 1219 3366 in
1244 3301 1371 3367 desertis

288 3391 616 3493 ·inrenitur)(ilpanes
629 3407 801 3496 decoquunt
813 3407 1027 3474 subcinericios
1040 3427 1206 3495 carnesque
1219 3407 1257 3473 ita
1272 3408 1370 3494 plane,
1458 3457 1459 3502 q

297 3543 331 3598 ut
353 3553 388 3599 eo
410 3509 549 3620 stercoris
573 3532 641 3618 igne
665 3533 796 3600 Maronis
821 3531 895 3598 illud
913 3531 1139 3618 propemodum
1162 3554 1178 3599 a
1202 3531 1371 3618 peregrinis
1458 3503 1459 3551 ¹

370 3767 409 3836 (i)
428 3767 458 3822 In
479 3767 554 3825 molti
574 3769 649 3841 paesi
668 3768 735 3826 delle
755 3767 810 3840 alpi
829 3767 955 3837 lidiche,
974 3767 1047 3825 nella
1065 3768 1189 3842 Speque,
1210 3767 1238 3824 in
1257 3768 1372 3842 qualche

297 3867 378 3926 paese
394 3853 542 3912 dell'ltalia
561 3851 748 3924 meridionale,
765 3871 820 3912 non
839 3857 861 3912 s'
874 3856 992 3931 adopera
1011 3858 1080 3914 altra
1106 3857 1219 3915 arateria
1237 3851 1286 3932 per
1303 3874 1372 3915 cuo·

287 3957 356 4000 cere
375 3943 384 3997 i
403 3942 464 4012 cibi,
483 3959 511 4000 se
530 3959 583 4000 non
597 3947 622 4002 Ιο
635 3955 721 4004 sterce
739 3944 840 4004 barino
858 3957 873 4002 e
892 3947 1035 4018 cavallino.
1049 3947 1175 4008 Distrutti
1194 3949 1371 4022 esprrperati
