2932 4728
756 321 929 387 -td-

312 497 468 564 Christum
498 497 686 564 adoraverint
716 499 806 576 locis3
830 497 861 563 in
893 496 1005 583 quibus
1036 497 1170 582 primum
1194 497 1262 564 urbi*
1284 508 1372 565 terrae
1453 527 1454 568 r

310 601 409 669 illuxit
438 602 635 688 Evangelium
659 610 688 668 et
720 601 822 669 salutis
853 611 945 688 atque
973 601 1076 686 gloriae
1106 603 1261 688 potinnlae
1285 625 1370 689 spes,

308 709 412 796 generi
428 709 610 777 corruscavit
625 709 768 775 bumano.
792 709 893 778 Missis
916 708 1015 794 itaque
1032 710 1185 794 paulisper
1201 711 1297 776 seculi
1320 731 1373 777 cu·

306 815 360 892 ris,
376 823 465 900 atque
488 813 590 890 rebus,
606 814 758 899 missaque
772 821 884 879 armata
899 813 1013 890 militia,
1030 832 1089 898 qua
1111 833 1210 899 nuper
1234 815 1371 881 omnium

307 921 382 987 votis
405 938 587 1004 summoque
609 919 733 985 consilio
748 918 876 984 mirifice
894 917 1051 984 decoratus
1075 920 1207 996 extitisti,
1231 929 1266 985 nt
1291 921 1372 1006 signa

305 1027 387 1112 regia
421 1025 452 1090 in
486 1024 739 1090 immanissimum
769 1025 888 1091 hostem
918 1024 1188 1110 Chrysdanorum,
1213 1028 1369 1102 'lure-nm,

306 1133 360 1200 tibi
383 1151 455 1208 uno,
479 1140 559 1197 tanto
582 1132 673 1197 totius
696 1131 800 1216 populi
823 1131 1009 1216 spectaculo,
1034 1131 1223 1198 decernetur.
1247 1132 1372 1198 Postha-

304 1240 365 1307 bita
388 1257 553 1323 parumper
588 1257 622 1303 re
645 1236 806 1315 familiari,
829 1257 921 1324 quam
945 1239 1052 1323 longus
1073 1237 1125 1304 tibi
1149 1238 1321 1303 villicorum
1343 1247 1371 1306 et

305 1346 504 1413 famulatuum
528 1343 612 1421 ordo,
637 1343 746 1421 studio,
771 1343 984 1429 diligentiaque
1006 1344 1191 1430 prosequito,
1215 1344 1372 1428 accingere

304 1472 419 1540 quaeso,
443 1462 474 1518 et
495 1453 703 1519 lerosolimom
726 1461 812 1538 pete,
836 1453 898 1519 imo
918 1452 1031 1518 advola.
1055 1453 1174 1539 Quippe
1198 1453 1256 1518 diei
1280 1453 1372 1518 unius

304 1562 489 1648 navigatione
512 1561 671 1646 pervenies
687 1561 724 1626 ad
740 1562 869 1644 Ioppem,
890 1561 976 1626 cuins
999 1569 1032 1626 tu
1056 1560 1201 1645 preeolaro
1220 1558 1372 1625 comitaris

303 1667 400 1745 titulo,
424 1666 549 1752 insignis
572 1665 754 1751 celeberque
770 1664 899 1730 haberis.
915 1666 1038 1730 Postera
1054 1684 1126 1730 vero
1150 1665 1198 1730 die
1222 1684 1261 1729 ex
1278 1666 1370 1749 loppe

304 1791 419 1838 sacram
441 1771 584 1839 ascendes
607 1769 727 1837 urbem.
752 1771 810 1837 Cui
832 1771 897 1856 ipse
919 1771 1025 1837 laeticia
1047 1772 1179 1856 gestiens
1201 1780 1291 1856 atque
1306 1771 1370 1836 exi·

302 1878 388 1954 liens,
412 1878 526 1944 concito
541 1877 635 1964 gradu
651 1876 776 1942 festivus
791 1897 957 1955 occurram,
982 1897 1068 1943 ruam
1084 1878 1115 1943 in
1138 1876 1249 1954 oscula,
1272 1897 1372 1942 aman·

303 1983 427 2049 tissimis
449 1984 693 2069 constringentur
708 1985 784 2051 colla
799 1985 975 2071 complexis,
997 1985 1168 2051 tenebimus
1183 2005 1303 2064 manus,
1318 2005 1369 2050 ora

303 2097 477 2154 cernentur.
501 2087 713 2156 Cumulabitur
735 2091 888 2177 gaudium,
913 2091 1022 2157 ducam
1038 2101 1066 2157 te
1082 2092 1113 2156 in
1137 2091 1235 2158 omnir
1258 2100 1369 2157 nostrae

304 2192 521 2277 redemptionis
556 2193 629 2260 locu.
664 2193 713 2260 lld
747 2196 891 2281 illamque
926 2195 955 2260 in
990 2196 1097 2281 primis
1135 2199 1369 2263 Bethlemiticcm

303 2301 507 2382 speluncbom,
531 2297 562 2363 in
585 2318 644 2384 qua
667 2299 721 2366 lun
743 2310 807 2366 orta
823 2309 870 2366 est
890 2301 921 2366 in
944 2301 1078 2366 tenebris
1101 2305 1276 2367 etcertum
1299 2321 1371 2367 curo

302 2407 418 2488 sactum
440 2412 494 2480 est,
518 2411 548 2468 et
569 2400 642 2468 buic
664 2422 696 2468 se
719 2403 852 2489 prodidit
866 2405 993 2471 mondo.
1016 2405 1197 2492 Exindeque
1219 2405 1258 2470 ad
1273 2405 1371 2490 ipsius

303 2513 427 2578 Domini
449 2530 577 2580 roceum
587 2529 729 2593 presepe,
746 2510 777 2575 in
793 2529 854 2596 quo
870 2511 1034 2578 infantulus
1050 2513 1147 2597 vagiit,
1163 2520 1224 2576 eta
1240 2512 1370 2596 pastori·

302 2616 362 2684 bus
378 2615 461 2683 visus
476 2625 531 2693 est,
549 2615 770 2682 demonstratus
786 2617 913 2696 astella,
937 2618 1077 2685 adoratus
1100 2639 1115 2682 a
1132 2618 1234 2702 Magis.
1252 2617 1370 2684 Cernes

298 2722 437 2809 prolecto
460 2723 542 2809 quod
572 2744 633 2791 non
664 2745 757 2792 aureo
780 2726 810 2791 in
835 2726 932 2805 lecto,
965 2747 1024 2793 non
1048 2735 1138 2792 strato
1161 2726 1371 2811 pulcherrimo

302 2829 398 2895 textili
420 2831 562 2915 stragulo,
585 2830 752 2916 magnificis
776 2831 884 2918 opibus
907 2833 1006 2917 picto,
1030 2832 1176 2898 caelorum
1199 2851 1254 2896 rex
1277 2832 1368 2897 collo·

303 2943 387 3002 catur
418 2957 434 3000 a
465 2946 571 3002 matre.
602 2938 668 3004 lmo
699 2937 863 3024 speluncha
893 2939 925 3004 in
955 2957 1078 3023 aspera,
1108 2946 1219 3003 structa
1245 2937 1368 3003 sexibus

303 3038 505 3126 pendentibus
528 3041 677 3120 maximis,
694 3041 794 3109 abdito
810 3043 841 3108 in
858 3043 932 3121 loeo,
949 3043 1057 3109 humili
1073 3044 1103 3109 in
1127 3051 1221 3119 antro,
1239 3041 1367 3108 latebro-

303 3164 398 3230 soque
415 3146 520 3212 maluit
535 3137 626 3227 nasci,
643 3147 692 3214 dei
708 3147 800 3227 filins,
820 3150 996 3236 omniumqe
1019 3149 1190 3234 plasmator,
1205 3155 1368 3232 angustum

302 3271 429 3340 prorsus
452 3260 497 3318 est
520 3251 720 3322 diversorium
736 3264 766 3321 et
781 3254 974 3322 subterranea
997 3275 1115 3339 specus.
1138 3255 1185 3319 Ex
1208 3253 1368 3320 Bethleem

302 3376 384 3434 vero,
408 3358 615 3424 lerosolimam
639 3370 808 3425 remeantes
828 3357 978 3429 Coluorv'oc
992 3361 1102 3426 collem
1125 3357 1367 3434 conscendimus,

301 3465 332 3530 in
356 3484 417 3554 quo
441 3463 589 3543 Christus,
613 3464 662 3530 dei
685 3465 766 3532 srlius
789 3474 819 3532 et
843 3467 985 3551 sapientia
1015 3465 1195 3551 conspicuus
1219 3472 1249 3528 et
1272 3462 1366 3529 subli-

301 3570 369 3644 mis,
394 3567 526 3654 patibulo
550 3569 693 3653 suspendi
717 3589 748 3634 se
772 3569 881 3648 voluit,
908 3580 942 3636 ut
964 3570 1000 3635 ad
1024 3589 1095 3635 enm
1123 3567 1367 3654 cognoscendum

301 3673 474 3759 pariterque
497 3674 668 3752 colendum,
692 3685 808 3742 cunctae
836 3677 971 3743 nationes
994 3696 1032 3742 en
1055 3675 1136 3740 omni
1160 3675 1233 3740 orbe
1257 3693 1366 3739 eonve-

300 3778 410 3844 nirent.
434 3779 554 3845 Etenim
576 3780 711 3846 extendit
732 3781 763 3846 in
786 3782 923 3867 passione
954 3803 1060 3848 manus
1083 3802 1170 3858 snas,
1195 3780 1364 3864 orbemque
1404 3817 1407 3826 ·

301 3885 457 3950 dimensus
481 3894 545 3950 est:
577 3905 638 3970 quo
661 3887 720 3955 iam
751 3888 922 3955 ostenderet
952 3889 989 3957 ab
1012 3899 1080 3956 ortu
1112 3887 1182 3954 solis
1206 3873 1363 3971 usquead
