2970 4730
13 549 15 608 l

571 358 749 426 -l3lw

129 529 252 600 Habere
271 530 558 618 euimrespublieas
580 533 740 618 quaestui,
775 551 879 619 neque
905 544 1011 620 putant
1040 538 1190 618 netarium

13 619 14 704 Ῐ
129 655 207 715 esse,
230 655 330 723 neque
352 645 450 722 turpe.
473 635 893 716 neminemneminer,
917 658 1102 728 quamquam
1116 663 1191 718 see

13 925 15 1068 l

128 743 265 810 lerusum
286 742 378 808 inerit
399 751 430 810 et
450 742 704 819 immanissimum
727 763 882 832 nunquam
905 749 1065 832 plectitur,
1089 773 1192 841 neque

128 846 211 916 noxii
233 862 342 930 paenas
364 863 499 932 unquam
521 847 666 934 pendunt,
683 848 814 928 simodo
830 850 949 930 iubent,
966 855 1047 922 unde
1062 877 1097 927 se
1116 859 1193 926 redi·

127 961 222 1025 mant.
237 952 416 1024 Incredibile
432 962 490 1031 est,
503 963 613 1039 quanta
628 954 659 1020 bi
674 956 851 1042 cupiditates
867 959 916 1032 siti
931 980 1053 1048 semper
1064 964 1190 1046 inhient,

127 1060 244 1144 quippe
272 1058 325 1147 qui
354 1060 437 1130 nulla
458 1061 529 1126 satis
551 1061 678 1146 pecunia
701 1064 818 1148 expleri
841 1076 976 1150 pessunt.
1001 1069 1107 1150 Clam,
1138 1073 1192 1152 vi,

13 1151 14 1230 i
126 1165 274 1250 precario,
296 1163 333 1233 ad
355 1165 582 1254 consequendas
604 1180 677 1252 opes
700 1169 862 1254 invigilent.
878 1172 1000 1260 Quique
1016 1197 1076 1246 non
1092 1180 1193 1250 sotum

13 1365 14 1372 ἵ
126 1269 259 1356 augendi
279 1289 356 1356 quae
376 1270 494 1348 babent,
512 1271 644 1340 libidine
665 1274 856 1358 cruciantur,
870 1278 925 1346 sed
949 1290 979 1346 et
1001 1282 1090 1350 etiam
1104 1285 1192 1356 amin

126 1379 213 1448 tend
226 1387 320 1449 metu..
336 1379 455 1464 Quippe
470 1380 495 1446 si
511 1380 549 1446 de
565 1382 686 1467 rapinis,
711 1383 821 1470 quibus
837 1385 985 1470 plurimes
1001 1389 1086 1456 omni
1098 1409 1192 1472 ceusu

126 1485 272 1572 spoliant,
296 1485 377 1572 apud
399 1486 566 1554 Soldanum
588 1489 769 1557 incriminati
791 1489 920 1570 luerint,
945 1504 1068 1578 repente
1090 1495 1117 1561 is
1139 1495 1192 1582 qui

126 1591 232 1678 mejeri
257 1611 381 1678 quoque
402 1593 531 1671 avaritia,
546 1613 638 1680 quam
653 1595 812 1681 ingentiuri
826 1597 939 1682 potitur
953 1599 1091 1685 imperio,
1112 1601 1194 1672 inexe

125 1701 279 1786 plebiliter
307 1700 455 1786 flagrans,
486 1701 559 1768 istus
593 1702 759 1788 depredat,
794 1704 875 1772 nulla
911 1713 1018 1776 tamen.
1045 1706 1192 1779 damnum

126 1807 239 1893 passis,
264 1807 337 1874 lacta
360 1828 487 1874 suerum
510 1810 699 1876 restitutione
720 1811 880 1879 bonorum.
903 1813 943 1880 nt
964 1815 1045 1900 quud
1069 1816 1111 1883 llll
1134 1835 1192 1902 per

126 1915 256 1980 alternas
280 1915 360 1981 vices
381 1925 412 1981 et
433 1924 606 2001 temporum
628 1917 783 1983 intervalla
797 1926 961 1985 exterserat
975 1941 991 1985 a
1007 1921 1119 1998 multis,
1139 1922 1190 2004 bic

126 2040 189 2087 uno
211 2021 317 2087 bnusto
332 2021 475 2108 hiatuque
491 2031 595 2090 cuncta
612 2022 711 2088 haurit
726 2021 936 2109 absorbetque.
954 2023 1069 2091 Cameli
1086 2025 1192 2105 instar,-
1302 2089 1303 2098 ,

125 2125 181 2212 qni
199 2135 410 2211 ·cengregatam
433 2125 484 2192 diu
508 2147 523 2191 a
546 2125 679 2192 formicis
692 2143 835 2203 messem,
860 2147 925 2198 unu
941 2128 1072 2200 absumit
1086 2149 1193 2200 mersu

127 2233 323 2318 deglutitque.
348 2222 464 2301 Verum
487 2232 570 2298 enim
591 2251 665 2299 reru
688 2233 713 2298 si
737 2232 845 2300 noxius
868 2243 919 2303 aut
941 2234 1084 2304 innocens
1100 2255 1193 2323 quem

126 2339 202 2406 lalse
223 2339 388 2406 caluniatur
408 2339 551 2405 devicerit
573 2339 764 2418 testimonie,
796 2349 826 2408 et
855 2347 890 2406 s'e.
918 2359 953 2420 se
982 2343 1054 2409 ullis
1081 2343 1190 2430 opibus

62 2505 66 2514 .
127 2445 280 2512 redimere
301 2443 480 2530 nequiverit,
503 2443 657 2528 virgarum
679 2442 794 2510 hastilia
815 2443 877 2509 illic
899 2453 929 2516 et
950 2445 1066 2530 gladius
1081 2456 1111 2513 et
1126 2467 1192 2516 car.

127 2551 210 2618 niiex
226 2559 344 2635 praesto
367 2559 433 2629 est;
456 2549 568 2635 ungula
584 2548 738 2625 effodiens,
755 2549 904 2634 equuleus
919 2551 1092 2629 extendens,
1114 2553 1192 2638 ignis

127 2657 238 2726 ardens
261 2665 291 2723 et
313 2656 351 2723 ad
374 2675 470 2722 nuum
493 2653 625 2720 bominis
645 2674 777 2740 corpus,
808 2654 895 2739 plura
925 2655 1068 2740 supplicia
1099 2675 1192 2744 quam

127 2762 267 2830 membra
288 2771 359 2830 sunt
382 2761 438 2848 (l).
463 2763 568 2838 Tacee,
592 2760 730 2826 omnium
752 2759 890 2838 istorum,
914 2761 1191 2845 tum'privaturum

127 2877 194 2936 tum
218 2869 390 2954 principum·
412 2867 636 2953 impudicorum
658 2864 830 2944 infamiam,
854 2865 972 2952 ubique.
999 2868 1097 2951 palam
1124 2868 1192 2956 libi·

126 2976 225 3053 dines,
249 2995 324 3061 quas
346 2993 402 3040 nec
424 2973 558 3058 aspicere
580 2971 674 3056 pessit
696 2970 779 3037 irone
801 2970 919 3056 pudice
950 2972 986 3040 Iu
1016 2974 1192 3060 exemplum

125 3089 294 3158 transeunt,
318 3099 395 3166 quae
417 3079 477 3145 iam
499 3077 627 3144 facinora
650 3096 716 3142 esse
740 3075 919 3146 desiverant.
940 3076 1068 3163 Maiores
1084 3097 1191 3164 supere

126 3188 176 3254 bia
199 3187 304 3265 inflati,
319 3185 442 3252 avaricia
457 3203 587 3269 rapaces,
610 3181 764 3254 iracundia
785 3182 875 3263 saevi,
898 3183 962 3251 alea
984 3183 1112 3268 prodigi,
1129 3184 1192 3250 vie·

126 3294 220 3361 lentia
242 3292 419 3369 temulenti,
443 3291 537 3356 livere
558 3287 672 3365 insidi,
696 3287 820 3362 libidine
843 3287 984 3366 incaesti,
1016 3288 1192 3374 crudelitate

127 3399 251 3466 violenti
274 3407 304 3464 st
326 3397 458 3483 superbe
479 3395 590 3473 ammo,
614 3393 671 3460 sibi
693 3413 799 3460 omnes
822 3393 1024 3471 snbstrbaere,
1048 3393 1191 3480 suppedi·

127 3515 256 3593 lateque
277 3503 471 3574 contendunt.
494 3501 557 3570 Sed
576 3509 729 3568 euterun
751 3498 917 3570 eriminum
938 3498 1020 3584 apud
1034 3517 1103 3577 ecs,
1131 3514 1192 3566 non

199 3744 241 3815 (l)
259 3743 297 3801 Le
320 3737 474 3800 condicioni
498 3737 559 3796 dell'
572 3737 679 3810 Impere
705 3741 782 3792 turen
802 3730 924 3800 d'allera
941 3745 996 3787 non
1023 3743 1090 3792 cuno
1108 3729 1193 3788 multu

128 3833 237 3892 diverse
252 3831 289 3888 da
306 3829 394 3905 quelle
410 3829 454 3887 dei
470 3827 556 3887 nostri
573 3826 670 3900 picrni
690 3824 727 3882 ba
743 3827 869 3895 presente
893 3834 990 3893 guerra
1017 3825 1193 3890 turen-umet,

128 3923 230 3980 caneri
244 3919 298 3978 clla
313 3917 404 3993 questi
420 3917 510 3977 malit
