2932 4728
563 366 740 432 „27-

118 555 245 632 putem‚
270 544 353 634 quod
376 543 556 631 quamplura
589 543 708 610 silentio
731 564 747 609 a
771 563 821 610 mo
845 542 1065 628 praetereunda
1098 541 1182 621 iore,

116 654 200 740 quod
224 663 254 720 et
276 653 445 740 prodigiosa
466 649 630 747 admodum
646 661 676 716 et
697 650 906 717 incredibilitia
929 651 1028 716 visum
1051 652 1088 718 iri
1104 653 1183 720 haud

117 761 266 830 dubitem.

207 871 388 936 Ladooicua.
424 869 491 935 Non
525 867 562 934 ab
598 887 631 933 re
658 866 797 933 futurum
820 866 958 932 existimo
988 865 1031 931 mi
1054 865 1183 932 Alexan-

116 975 182 1052 dre,
208 975 234 1040 si
258 977 289 1041 in
321 975 459 1061 oppidis,
491 973 657 1042 urbibusve
688 973 958 1042 commemorandis
989 973 1104 1040 eisdem
1135 973 1184 1039 iila

114 1081 216 1148 edicas
240 1082 410 1159 vocabulis,
435 1082 547 1168 quibus
570 1082 626 1148 hac
648 1091 834 1167 tempestate,
858 1080 890 1146 iii
913 1081 966 1167 qui
994 1102 1028 1147 ea
1051 1080 1185 1147 incolunt

116 1190 256 1255 vocitant.
279 1190 389 1274 Neque
412 1189 443 1253 id
466 1188 630 1255 obscurum
654 1197 708 1266 cst,
723 1207 829 1274 quum,
846 1188 953 1272 primis
976 1187 1078 1274 ejectis
1101 1187 1184 1253 babi-

115 1295 262 1362 tatoribus
285 1315 379 1361 novos
401 1295 523 1372 accolas,
547 1294 669 1360 alterius
692 1295 869 1380 praesertim
893 1293 1020 1380 linguae,
1037 1295 1184 1380 novisque

115 1421 240 1488 quoquc
263 1400 454 1477 nominibus,
478 1400 645 1484 provincias
669 1399 822 1486 urbesque
846 1418 979 1465 censere.
1010 1402 1076 1478 Quo
1099 1398 1186 1464 nimi·

115 1527 187 1574 rum
212 1507 255 1585 iit,
280 1516 314 1573 ut
335 1507 406 1573 inde
431 1506 652 1592 proficiscentes
676 1508 702 1574 si
725 1508 877 1573 veteribus
901 1507 1053 1573 vocabulis
1076 1527 1183 1594 quom·

114 1615 198 1700 piam
222 1613 261 1680 de
284 1614 356 1680 iocis
379 1613 547 1698 percontari
571 1614 731 1690 voluerint,
749 1614 876 1678 minime
900 1613 1112 1698 intelligantur.
1137 1613 1184 1700 (1)

135 1765 138 1773 -
182 1722 388 1788 nummo.
419 1722 483 1807 Ego
514 1721 626 1807 pariter
658 1720 762 1785 itidem
794 1721 893 1785 socius
924 1739 989 1784 esse
1024 1741 1058 1786 ac
1090 1722 1184 1806 mag-is

115 1836 269 1913 praestaro
281 1826 395 1912 judico:
412 1847 509 1913 quum
525 1845 563 1892 ex
581 1825 733 1892 veteribus
749 1826 886 1891 locorum
903 1827 1076 1891 nominibus
1097 1847 1184 1912 repe·

114 1935 175 2001 titis
191 1933 312 2000 dicendi
328 1933 439 1999 seriem
455 1955 515 2000 non
531 1933 699 1998 abhorreat.
716 1935 757 2000 Ut
776 1952 854 2019 quae
878 1932 915 1998 ab
939 1933 1184 2019 historiographis

113 2039 260 2106 traditum
283 2047 337 2116 cst,
362 2038 543 2104 luculentius
566 2038 734 2124 intelligere
754 2037 914 2117 valeamus,
940 2058 975 2104 6ο
998 2039 1137 2105 videlicet
1152 2041 1182 2105 io

115 2147 181 2214 loco
206 2145 259 2231 qui
282 2153 538 2210 commemoratur
560 2153 642 2230 gesta
666 2143 771 2210 iuisse.

204 2253 384 2318 Ludooiccc.
409 2251 473 2336 Age
497 2271 598 2328 nunc,
622 2251 871 2337 peregrinationis
894 2261 962 2318 tuae
986 2253 1048 2319 loca
1072 2254 1184 2338 passim

115 2378 330 2436 commemora,
361 2367 450 2444 atque
474 2359 499 2424 si
523 2358 611 2435 libet,
635 2359 692 2424 iter
722 2359 823 2444 ipsum
846 2379 862 2424 a
885 2361 1020 2428 Venetiis
1051 2361 1183 2446 incipito.

113 2467 256 2552 Namque
272 2465 410 2531 eamdem
432 2466 470 2530 ad
492 2463 611 2543 urbem,
628 2465 742 2551 quique
758 2465 965 2531 lerosolimam
988 2466 1179 2550 proticiscen-

111 2584 157 2640 tcs
173 2572 330 2640 confluere
340 2572 404 2659 jam
420 2573 537 2639 dudum
553 2573 723 2650 insuevore,
739 2591 836 2658 quum
853 2582 882 2636 ot
897 2573 1034 2637 omnium
1050 2593 1178 2656 operum

112 2691 206 2767 atque
222 2679 404 2758 triremium,
421 2680 591 2756 noviomus,
609 2679 710 2746 civitas
730 2680 784 2744 ista
807 2678 1002 2744 refertissima
1032 2679 1079 2744 sit.
1104 2679 1163 2765 (2).

122 2881 337 2902 μ*

187 2988 226 3059 (1)
245 2987 345 3054 Questa
365 2985 543 3061 precauaione
556 3002 602 3044 era
614 2992 690 3043 tanto
702 2985 751 3058 piri
764 2985 917 3043 necessaria
931 2985 961 3042 iu
974 2993 1078 3060 quanto
1095 2985 1144 3044 che
1157 2985 1186 3042 in

113 3075 234 3144 Oriente,
245 3089 320 3132 come
332 3089 378 3131 erc
389 3073 534 3132 succeduto
545 3073 574 3130 in
587 3073 665 3131 italia
677 3073 719 3129 col
731 3073 846 3130 mutarsi
857 3072 925 3130 delle
937 3073 1054 3143 pasioni,
1067 3074 1091 3130 si
1103 3088 1186 3131 erano

114 3165 124 3222 i
142 3163 218 3222 nomi
236 3162 280 3220 dci
297 3163 382 3232 dumi,
396 3163 441 3220 dei
453 3163 549 3230 monti,
562 3162 605 3220 dei
618 3162 727 3236 laguis
744 3160 849 3236 perfluo
866 3162 877 3218 i
895 3163 968 3220 nomi
986 3163 1055 3220 deiie
1072 3177 1186 3236 persone

113 3251 224 3309 mutati.
241 3251 280 3307 La
298 3250 420 3320 Francia,
438 3247 456 3305 i’
468 3250 555 3319 ltalia,
573 3251 600 3306 la
620 3250 735 3324 Spagna‚
754 3265 820 3306 sono
839 3250 943 3331 ripiene
960 3251 991 3307 di
1007 3252 1082 3308 nomi
1100 3250 1185 3308 uuovi

113 3340 148 3398 ed
168 3341 194 3396 al
217 3347 287 3398 tutto
310 3338 379 3412 degli
404 3339 506 3396 antichi
530 3339 624 3408 alieni,
647 3356 661 3396 e
685 3339 721 3412 gii
750 3339 854 3397 uomini
882 3354 980 3396 ancora
1007 3339 1035 3396 di
1062 3339 1185 3396 Cesarie

113 3428 238 3503 Pompei,
255 3427 327 3485 Pieri
345 3444 360 3485 e
378 3427 515 3486 Gicvanni
533 3445 547 3486 6
565 3429 658 3486 1161161
672 3426 857 3498 diventarcno,
876 3427 1064 3486 Maccuiaveiii
1081 3427 1127 3485 lib.
1148 3428 1185 3484 i.⁰

188 3517 228 3590 (2)
246 3517 287 3574 Da
305 3515 423 3575 Veneria
440 3518 587 3592 partivauo
599 3518 679 3591 quasi
696 3518 759 3575 tutti
778 3519 941 3590 iPsdegrini
959 3517 1050 3573 directi
1063 3517 1088 3573 ai
1101 3516 1186 3572 Scuto

114 3606 252 3683 Sepcloro,
270 3608 369 3680 perche
387 3623 437 3680 per
455 3609 482 3664 la
500 3623 551 3664 sua
569 3607 713 3679 posicione,
727 3609 746 3663 it
760 3608 865 3680 viaggio
876 3609 900 3664 si
913 3607 1096 3664 abbrevviava
1115 3607 1186 3662 assai

114 3699 165 3773 piri
182 3697 232 3754 che
252 3711 306 3753 non
324 3696 456 3769 pariendo
474 3696 518 3752 dai
537 3696 609 3769 porti
630 3695 674 3754 del
692 3695 895 3754 Mediterraueo.
914 3699 950 3753 Le
963 3697 1040 3768 quide
1059 3697 1083 3751 61
1103 3696 1185 3752 Santo

114 3787 243 3860 Sepolcro
267 3785 316 3842 che
341 3785 365 3841 si
389 3785 480 3842 hanno
506 3785 534 3842 di
552 3786 743 3860 6661166666,
763 3785 796 3842 ed
815 3786 899 3844 anciro
917 3787 965 3860 piu
991 3787 1098 3857 recenti,
1117 3793 1185 3842 16116

114 3877 199 3932 fanno
217 3890 286 3947 capo
304 3891 320 3930 a
338 3875 471 3944 Veneria;
491 3876 519 3931 in
537 3877 627 3948 quagii
653 3877 718 3932 anni
742 3876 768 3932 ia
792 3875 957 3947 Repubbiica
977 3876 997 3932 si
1021 3884 1119 3948 potera
1137 3891 1186 3931 an·

115 3979 179 4020 com
197 3962 336 4020 chiamare
356 3962 457 4034 Regina
475 3962 518 4018 dei
537 3963 614 4020 Mari.
