2970 4730
730 363 907 430 ..50-

286 540 368 606 ditur
390 548 478 625 gusto
499 538 656 606 amariore.
676 540 753 604 ltem
769 540 893 624 viciatur
908 540 975 606 oleo
991 559 1075 606 rosae
1099 541 1202 628 Cypri,
1226 545 1354 624 lentisci,

287 646 393 722 balani,
418 645 567 722 terebinti,
591 645 722 732 myrtbi,
746 645 855 723 resina,
878 646 1021 732 galbano,
1046 667 1132 715 caera
1155 651 1275 736 cypria,
1299 672 1355 718 ne-

286 751 449 836 quissimae
472 759 573 816 autem
588 750 715 835 gummi.
732 749 872 816 Probatio
887 760 988 817 autem
1005 750 1071 837 ejus
1095 763 1149 830 cst,
1166 756 1248 840 quod
1263 767 1355 842 gustu

286 856 479 935 decernitur,
503 867 533 923 et
554 857 684 923 carbone
706 855 827 943 quaudo
849 876 933 923 caera
957 868 986 924 et
1021 859 1119 925 resina
1153 861 1356 929 adulteratum

286 977 340 1044 est,
365 976 394 1031 et
417 966 541 1051 nigriori
564 965 695 1031 flamma.
718 967 795 1031 ltem
819 966 910 1031 melle
945 967 1092 1044 mixtum,
1116 968 1262 1034 contrabit
1284 989 1354 1036 mu·

286 1093 360 1148 scas,
385 1083 415 1138 et
437 1073 503 1138 oleo
525 1071 726 1138 adulteratum
751 1073 861 1138 innatat
883 1092 1026 1159 acquam,
1051 1074 1204 1140 sincerum
1228 1077 1354 1142 veroin

285 1201 377 1267 aequa
400 1180 499 1266 tepida
522 1179 633 1258 sidens,
649 1181 686 1246 ad
705 1181 765 1247 ima
782 1181 858 1246 vasis
875 1181 1039 1248 descendit.
1057 1180 1118 1248 Sed
1142 1203 1260 1249 summa
1285 1203 1355 1269 pro·

286 1288 364 1354 batio
388 1296 433 1354 est
456 1289 554 1354 ullae
577 1287 722 1373 coagulet,
748 1296 778 1353 et
793 1289 823 1353 in
840 1298 923 1354 veste
945 1289 1075 1354 maculas
1098 1309 1157 1354 non
1180 1288 1275 1366 iaciat,
1300 1309 1357 1354 nee

285 1394 469 1460 manifestior
491 1393 562 1459 alibi
585 1391 677 1458 fraus.
701 1393 925 1481 Sincerumque
950 1395 1178 1480 opobalsamum
1202 1395 1226 1460 si
1249 1404 1357 1460 uratur

285 1501 367 1588 lugat
389 1511 554 1587 serpentes.
579 1502 737 1568 Sarmenta
760 1500 836 1587 ejus,
861 1520 938 1588 quae
961 1500 1200 1567 Xilobalsamum
1225 1511 1356 1578 vocatur,

284 1609 316 1674 in
340 1627 442 1674 meroe
465 1617 544 1682 sunt,
572 1607 653 1694 quod
684 1607 715 1672 in
747 1608 908 1692 unguentis
934 1616 1111 1694 coquantur.
1135 1609 1230 1673 Porro
1255 1608 1357 1692 ipsum

285 1712 420 1779 officinae
444 1713 636 1779 substituere.
654 1711 780 1778 Cortieis
801 1712 944 1777 etiamad
968 1712 1183 1778 medicamenta
1207 1713 1357 1797 praetium

285 1831 340 1887 est.
365 1821 528 1906 Praecipua
551 1830 653 1886 autem
668 1820 760 1904 gratia
776 1819 957 1904 lachrymae,
981 1819 1112 1884 secunda
1136 1819 1254 1895 semini,
1271 1820 1358 1885 tertia

285 1927 396 2005 cortici,
420 1928 545 1993 minima
568 1927 657 2012 liguo.
682 1927 750 1991 Non
767 1926 867 2010 itaque
890 1945 928 1990 ex
943 1925 1070 1992 contrito
1093 1926 1210 1990 semine
1232 1925 1356 2010 opobal-

285 2051 414 2107 samum,
439 2030 501 2106 sed,
526 2030 580 2096 sed
596 2051 634 2096 ex
656 2030 833 2096 arbusculae
849 2029 942 2094 scisso
958 2030 1068 2095 cortice
1092 2030 1212 2115 liquens
1234 2050 1355 2107 succus,

285 2138 551 2222 opobalsamumve
580 2137 737 2220 colligitur.
766 2138 830 2216 Qua
854 2136 884 2200 in
908 2155 941 2200 re
972 2136 1029 2201 nisi
1057 2135 1114 2202 sibi
1144 2137 1358 2222 perspexerint

286 2240 456 2318 Christiani,
481 2241 578 2308 lllauri
602 2241 632 2306 in
650 2261 704 2306 nos
720 2241 856 2308 insidiosi
872 2262 906 2308 ac
923 2242 1043 2308 lallaces
1057 2262 1090 2308 ac
1109 2241 1228 2327 perfidi,
1252 2241 1357 2308 fallere

285 2348 488 2432 decipereque
511 2367 571 2412 non
595 2346 746 2414 desinunt.

372 2453 552 2517 Ledooices.
577 2453 700 2517 Praeter
723 2451 867 2519 obortum
883 2451 1032 2518 divinitus.
1048 2452 1171 2530 lentem,
1187 2473 1224 2519 eo
1243 2453 1276 2519 in
1293 2454 1358 2520 loco

284 2556 322 2624 ad
344 2577 437 2645 quem
459 2558 608 2624 Dominus
623 2560 709 2624 lesus
731 2577 802 2624 cum
819 2567 913 2624 matre
936 2559 1120 2625 sanctissima
1136 2560 1261 2644 appulit,
1279 2580 1356 2626 num

284 2673 314 2729 et
336 2665 391 2730 alia
414 2672 582 2731 memoratu
605 2663 714 2748 digna,
738 2683 816 2750 quae
837 2661 1001 2746 Cristianae
1037 2663 1190 2749 religionis
1209 2665 1359 2731 ederunt

284 2773 430 2838 cultum?

371 2877 553 2945 Alexander.
569 2878 615 2943 Ne
631 2897 737 2942 vanam
752 2875 908 2943 futilemve
924 2886 1042 2942 nostrae
1061 2877 1215 2964 religionis
1232 2879 1357 2945 laudem

283 2980 454 3048 infidelium
475 2983 626 3068 quispiam
648 2991 754 3068 putet,
778 3001 870 3068 quam
894 3002 949 3048 nos
972 2991 1002 3048 et
1024 2983 1161 3049 miraculi
1184 2994 1358 3052 commento
1468 3009 1469 3020 ¹

284 3108 431 3155 conemur
446 3090 606 3167 sustinere,
623 3108 678 3175 ego
694 3090 799 3157 itidem
815 3089 862 3154 sui
885 3088 1035 3175 praeeonij
1052 3090 1258 3156 testimoninm
1275 3089 1358 3157 nunc

283 3197 314 3262 in
338 3195 475 3263 medium
505 3198 650 3275 alienam,
674 3198 756 3283 quod
779 3197 817 3262 ab
841 3196 957 3262 eisdem
980 3197 1094 3264 Mauris
1117 3197 1228 3282 accepi.
1252 3200 1357 3278 Quum

283 3322 395 3388 nempe
417 3303 448 3368 in
471 3301 679 3387 superioribus
711 3301 820 3368 diebus
843 3300 1027 3369 blatbaream
1058 3320 1129 3366 cum
1153 3301 1294 3386 pluribus
1319 3323 1356 3368 ex

283 3407 393 3475 nostris
415 3428 466 3474 me
488 3407 699 3485 contulissem,
731 3406 831 3472 studio
855 3404 975 3471 videndi
1007 3404 1189 3490 opobalsami
1214 3407 1357 3490 vineamj

283 3514 387 3599 plures
410 3523 470 3580 tam
494 3532 716 3590 saracenorum,
741 3529 833 3598 quam
857 3511 1099 3577 Christianorum
1118 3509 1289 3579 blatbareae
1313 3513 1356 3579 vi·

283 3621 384 3692 colum
406 3619 611 3696 incolentium,
636 3617 893 3704 eodem-parique
917 3637 1058 3683 sermone
1082 3637 1141 3686 una
1165 3616 1251 3684 uobis
1275 3640 1355 3686 asse·

284 3725 434 3802 vetabant,
448 3726 529 3791 baud
552 3726 604 3791 diu
629 3713 752 3791 boe'illo
771 3724 851 3790 tonte
875 3724 968 3790 luisse
991 3724 1181 3790 miraculum.
1206 3727 1356 3806 Quoniam

283 3850 353 3896 cum
376 3830 411 3895 ad
435 3831 522 3897 illum
545 3832 656 3899 mulier
688 3833 835 3897 Saracena
858 3830 960 3902 filium,
984 3831 1176 3918 perduxisset
1199 3831 1355 3910 tutantem,

265 3935 414 4022 'indeque
448 3947 515 4021 post
547 3938 605 4004 alio
639 3937 810 4014 decedens,
842 3938 1001 4021 parvulum
1028 3937 1202 4022 reliquisset
1226 3938 1355 4016 laeuo,
