2932 4728
736 357 913 424 ..32-

297 536 420 602 &latratu
436 536 483 621 (l)
499 538 673 622 ademptum
690 546 744 602 cst.
762 536 823 601 Sed
839 535 875 600 ad
891 537 1082 621 propositum
1099 535 1164 612 iter,
1181 543 1281 599 nostra
1293 533 1360 619 jem

295 641 418 732 reddeat
440 642 543 708 oratio.
560 642 743 728 litterisque
766 640 854 706 italici
878 641 969 727 (inter
985 641 1067 727 quod
1084 650 1114 707 et
1128 640 1231 707 Illirici
1248 639 1360 705 Adria·

295 747 372 814 licus
395 743 529 815 interluit
551 747 649 833 sinus)
664 749 727 814 loca
749 747 928 834 compendio
950 749 1063 834 pariter
1082 767 1268 814 censeamus.

385 857 584 922 Flaminiaioe
604 875 658 922 seu
675 858 888 923 llumaudioloc
902 855 1071 940 provinciae
1088 854 1180 920 urbes
1196 852 1361 918 marittime

295 961 393 1026 littore
409 960 600 1026 imminentes
616 968 687 1026 sunt
697 963 852 1038 liuueuaa,
869 960 1185 1038 postcommum
1202 961 1362 1026 Matthiae

295 1067 510 1143 Aucouitauoe,
526 1069 729 1142 Feminarum,
747 1067 877 1142 Ponam,
903 1068 1080 1152 &nequltia
1096 1065 1144 1132 cui
1168 1066 1199 1130 in
1223 1065 1362 1150 opposito

296 1174 395 1240 littore
418 1175 530 1260 &puae
552 1173 654 1240 civitas
678 1173 736 1239 sita
755 1182 810 1239 est.
834 1173 952 1239 Deinde
975 1174 1114 1251 Ancona,
1130 1175 1361 1248 llaclraautaru,

300 1283 505 1358 Ciuitoeaoua,
528 1280 577 1346 cui
600 1281 698 1346 littore
721 1279 752 1345 in
774 1279 900 1345 adverso
927 1283 1010 1346 Zoro
1041 1278 1188 1364 oppidum
1214 1277 1363 1344 decorum

296 1385 366 1450 satis
389 1376 436 1472 (rit
458 1383 603 1470 diximus)
626 1385 757 1470 positum
780 1392 834 1450 est.
858 1385 930 1450 Post
952 1383 1027 1450 hanc
1050 1386 1208 1460 Firmum,
1233 1386 1362 1449 Palaia·

235 1569 242 1582 .
297 1513 387 1571 uram,
410 1493 459 1559 cui
486 1511 525 1558 ex
555 1491 682 1558 adverso
712 1493 862 1559 Sedcuiclai
889 1493 1055 1568 castellum,
1079 1499 1283 1576 perstructum
1305 1498 1362 1554 est.

296 1601 472 1666 Provinciae
494 1599 621 1682 Apuliae
639 1601 866 1666 Froaclcaitlae
888 1597 1045 1684 oppidum,
1061 1605 1128 1662 ente
1148 1595 1230 1682 quod
1246 1595 1276 1659 in
1300 1595 1363 1660 llli·

297 1711 359 1772 rico
374 1706 482 1785 littore,
506 1706 598 1772 situm
622 1713 667 1772 est
690 1707 805 1788 Spoleti
827 1706 993 1772 castellum.
1017 1706 1090 1770 Post
1105 1707 1364 1770 Praacaraailtom

300 1816 435 1880 Ostiam
457 1813 559 1889 maris,
589 1815 749 1888 Tameia,
773 1813 856 1877 liade
878 1810 936 1896 (Ξ),
960 1813 1078 1888 Bestia,
1099 1808 1251 1894 oppidula.
1276 1810 1366 1875 Maa-

295 1923 433 2004 [rcdoaio
469 1919 542 1984 urbs
573 1928 743 2005 pervetusta
782 1919 831 1984 cui
862 1919 1038 1984 Nareutlaoe
1068 1915 1184 1981 viculus
1214 1935 1231 1980 e
1261 1923 1365 1980 contra

296 2024 449 2109 aspicitur.
462 2024 578 2090 Deinde
587 2029 724 2102 Barleto,
741 2013 889 2101 Truaam,
898 2027 1040 2101 Bicelliu,
1050 2025 1205 2107 Malleolo,
1214 2024 1365 2096 Burrum,

297 2135 508 2215 Moaopolum,
532 2132 764 2218 cuillupaaium
790 2131 866 2197 urbs
882 2132 1015 2218 insignis,
1039 2132 1093 2197 sita
1116 2140 1162 2210 est
1184 2129 1311 2195 adverso
1335 2129 1365 2194 in
1458 2141 1459 2192 Τ

297 2239 397 2304 littore
419 2238 597 2305 Dalmatiae.
622 2243 850 2317 Brundusium,
874 2239 921 2304 cui
939 2238 1139 2323 antepositum
1157 2246 1202 2301 est
1223 2237 1367 2302 datiuari

296 2344 453 2411 castellum
478 2344 508 2409 in
532 2345 628 2431 Epyri
657 2344 765 2411 littore.
790 2346 908 2422 Litam,
932 2345 980 2411 oui
1004 2345 1068 2430 ripe
1092 2344 1121 2409 in
1145 2342 1270 2408 adversa
1293 2345 1369 2408 Dal·

296 2455 375 2536 cipai
397 2450 523 2518 viculus.
548 2453 697 2538 Sequitur
723 2456 890 2535 Callipolie,
919 2455 1143 2533 Otreatampuc,
1167 2450 1252 2515 sinus
1275 2449 1368 2536 liujus

296 2555 439 2623 Adriatici
463 2556 542 2623 linis.
571 2558 634 2625 Sed
662 2562 786 2626 Otreato
809 2558 1009 2644 municipium
1032 2561 1172 2626 Valloaaa
1195 2557 1369 2642 oppositum

297 2672 351 2730 est.
369 2666 401 2730 ln
419 2683 478 2749 qua
494 2685 575 2731 nuuc
592 2665 732 2731 Cristiani
749 2665 880 2734 nominis
897 2665 1101 2732 imanissimus
1118 2665 1210 2730 hostis
1227 2663 1369 2730 Turclrus
1457 2667 1458 2712 t

297 2770 490 2856 imperitans,
509 2769 556 2856 (3)
573 2772 699 2837 classem
724 2773 812 2838 struit
835 2773 1054 2858 pentagonum,
1072 2791 1224 2858 quamque
1242 2781 1271 2837 et
1287 2771 1368 2857 apud

308 2916 502 2933 —

370 2975 408 3043 (l)
428 2974 545 3032 Pendula
565 2975 670 3032 Scutari
690 2991 706 3031 a
725 2975 776 3034 too
788 2975 888 3032 Cluila
907 2976 940 3032 N.
954 2975 984 3032 Ο.
1004 2975 1032 3032 di
1050 2975 1267 3048 Costautinopeli
1286 2975 1311 3031 si
1324 2991 1370 3032 era

302 3077 364 3117 rese
382 3062 549 3118 vulnerabile
567 3062 693 3128 Venezie,
713 3062 763 3118 clre
775 3062 858 3119 allora
871 3063 946 3135 epiri
964 3063 1035 3120 tardi
1054 3062 1109 3120 lino
1127 3063 1153 3120 al
1172 3063 1240 3120 ttdt
1260 3063 1290 3120 lu
1302 3079 1372 3120 sem·
1456 3057 1457 3060 ’

298 3167 347 3224 pre
364 3148 416 3205 alla
434 3157 502 3206 testa
520 3150 564 3206 dei
584 3151 680 3207 uemici
699 3149 742 3207 dei
762 3151 871 3220 Turclri;
884 3168 927 3208 ma
940 3167 995 3208 uon
1014 3153 1036 3208 s’
1049 3168 1095 3208 cre
1113 3151 1228 3223 perduta
1245 3153 1271 3209 le
1285 3152 1372 3209 dilesa

297 3239 324 3297 d'
337 3238 422 3295 ltalia.
441 3239 497 3296 Che
521 3239 650 3296 lacerare
670 3240 776 3297 intento
794 3241 812 3296 il
833 3241 908 3313 Papa
927 3240 959 3296 cd
979 3241 988 3298 i
1007 3241 1124 3314 principi
1144 3242 1213 3298 della
1231 3241 1371 3314 penisolal

295 3328 357 3386 Non
376 3343 460 3385 erano
477 3329 532 3385 essi
552 3328 577 3384 la
595 3328 685 3401 Spada
704 3328 775 3386 della
793 3329 978 3387 Cristieuitat

370 3417 408 3489 (2)
428 3417 482 3475 Ora
501 3416 636 3486 Tcrmoli,
666 3417 736 3475 Redi
755 3436 770 3477 e
788 3419 889 3489 Viesti,
921 3418 1080 3477 cittaduccie
1103 3419 1303 3476 commerciauti
1322 3419 1373 3478 alle

297 3504 368 3562 felde
386 3505 429 3562 del
447 3506 571 3578 Gargano
601 3506 673 3564 nella
692 3507 859 3579 Capitanata
876 3537 909 3550 -
929 3506 1116 3564 Manfredenia
1139 3521 1194 3564 non
1212 3522 1259 3563 era
1277 3523 1373 3580 perre·

298 3601 383 3661 testa,
402 3594 481 3652 hensl
499 3594 630 3668 siponto,
650 3596 718 3653 sulla
736 3596 833 3654 roriue
851 3595 921 3654 della
939 3595 1019 3671 quale
1037 3595 1158 3652 Mauredi
1177 3595 1215 3654 ue
1233 3593 1261 3650 di
1274 3595 1375 3668 liupoli
1455 3615 1456 3636 ³

297 3699 366 3739 arca
385 3682 496 3740 laudato
511 3685 540 3740 la
560 3699 651 3742 auore
672 3686 740 3744 cittii
758 3685 801 3742 del
820 3701 869 3742 suo
887 3701 975 3743 nome.
993 3716 1026 3728 -
1046 3685 1160 3742 Bixellia
1178 3699 1226 3741 ora
1244 3683 1374 3757 Bisceglie

298 3757 439 3842 (vigiliae)
458 3786 509 3828 con
528 3771 626 3838 20‚000
645 3773 688 3830 ab.

371 3856 410 3926 (3)
430 3858 470 3915 Da
489 3859 625 3927 Vallona,
643 3875 660 3916 o
691 3860 718 3915 la
737 3858 870 3925 talene,
900 3860 965 3918 cittl
983 3859 1010 3916 d'
1022 3861 1107 3933 Epiro
1124 3861 1167 3934 gie
1185 3867 1318 3934 occupato
1336 3859 1373 3916 sru

297 3941 342 4000 dal
364 3943 431 4002 lldl
444 3943 489 4002 dei
501 3943 601 4002 l'arclri
619 3960 686 4017 poce
703 3944 757 4006 ele
768 3944 891 4004 distanaa
909 3963 958 4024 per
979 3949 1111 4008 remrein
1134 3948 1222 4018 ltalia
1240 3947 1372 4007 bastando
1454 3977 1455 3990 ,
