<?xml version="1.0" encoding="UTF-8"?>
<!DOCTYPE html PUBLIC "-//W3C//DTD XHTML 1.0 Transitional//EN"
    "http://www.w3.org/TR/xhtml1/DTD/xhtml1-transitional.dtd">
<html xmlns="http://www.w3.org/1999/xhtml" xml:lang="en" lang="en">
 <head>
  <title>
</title>
<meta http-equiv="Content-Type" content="text/html;charset=utf-8" />
  <meta name='ocr-system' content='tesseract 3.04.00' />
  <meta name='ocr-capabilities' content='ocr_page ocr_carea ocr_par ocr_line ocrx_word'/>
</head>
<body>
  <div class='ocr_page' id='page_1' title='image "./viaggionellasir00ariogoog_0062.png"; bbox 0 0 2932 4728; ppageno 0'>
   <div class='ocr_carea' id='block_1_1' title="bbox 92 530 1206 3692">
    <p class='ocr_par' dir='ltr' id='par_1_1' title="bbox 92 530 1199 1136">
     <span class='ocr_line' id='line_1_1' title="bbox 92 530 1195 620; baseline -0.001 -21"><span class='ocrx_word' id='word_1_1' title='bbox 92 547 98 557; x_wconf 94' lang='grc'>·</span> <span class='ocrx_word' id='word_1_2' title='bbox 132 531 263 620; x_wconf 79' lang='lat' dir='ltr'>quoda¹</span> <span class='ocrx_word' id='word_1_3' title='bbox 280 532 415 598; x_wconf 86' lang='lat' dir='ltr'>foemore</span> <span class='ocrx_word' id='word_1_4' title='bbox 431 531 466 597; x_wconf 88' lang='lat' dir='ltr'>ad</span> <span class='ocrx_word' id='word_1_5' title='bbox 483 550 578 616; x_wconf 78' lang='lat' dir='ltr'>genus</span> <span class='ocrx_word' id='word_1_6' title='bbox 600 550 697 617; x_wconf 90' lang='lat' dir='ltr'>usque</span> <span class='ocrx_word' id='word_1_7' title='bbox 721 530 893 606; x_wconf 76' lang='lat' dir='ltr'>derivatio</span> <span class='ocrx_word' id='word_1_8' title='bbox 916 531 1096 618; x_wconf 81' lang='lat' dir='ltr'>sarcophago</span> <span class='ocrx_word' id='word_1_9' title='bbox 1120 552 1195 608; x_wconf 83' lang='lat' dir='ltr'>ossa,</span> 
     </span>
     <span class='ocr_line' id='line_1_2' title="bbox 132 636 1196 724; baseline -0.003 -17"><span class='ocrx_word' id='word_1_10' title='bbox 132 643 225 709; x_wconf 90' lang='lat' dir='ltr'>simul</span> <span class='ocrx_word' id='word_1_11' title='bbox 248 651 279 705; x_wconf 90' lang='lat' dir='ltr'>ct</span> <span class='ocrx_word' id='word_1_12' title='bbox 301 659 391 724; x_wconf 88' lang='lat' dir='ltr'>parva</span> <span class='ocrx_word' id='word_1_13' title='bbox 407 650 436 705; x_wconf 91' lang='lat' dir='ltr'>et</span> <span class='ocrx_word' id='word_1_14' title='bbox 452 658 543 724; x_wconf 88' lang='lat' dir='ltr'>pauca</span> <span class='ocrx_word' id='word_1_15' title='bbox 566 648 645 704; x_wconf 90' lang='lat' dir='ltr'>sunt.</span> <span class='ocrx_word' id='word_1_16' title='bbox 663 636 725 703; x_wconf 90' lang='lat' dir='ltr'>Sed</span> <span class='ocrx_word' id='word_1_17' title='bbox 741 637 845 722; x_wconf 83' lang='lat' dir='ltr'>ingens</span> <span class='ocrx_word' id='word_1_18' title='bbox 861 637 994 722; x_wconf 90' lang='lat' dir='ltr'>prolecto</span> <span class='ocrx_word' id='word_1_19' title='bbox 1017 638 1196 706; x_wconf 85' lang='lat' dir='ltr'>loommiuae</span> 
     </span>
     <span class='ocr_line' id='line_1_3' title="bbox 132 744 1199 834; baseline -0.005 -18"><span class='ocrx_word' id='word_1_20' title='bbox 132 757 232 834; x_wconf 85' lang='lat' dir='ltr'>caput,</span> <span class='ocrx_word' id='word_1_21' title='bbox 256 747 444 831; x_wconf 80' lang='lat' dir='ltr'>oblongaque</span> <span class='ocrx_word' id='word_1_22' title='bbox 467 764 588 819; x_wconf 87' lang='lat' dir='ltr'>manus,</span> <span class='ocrx_word' id='word_1_23' title='bbox 613 744 771 829; x_wconf 88' lang='lat' dir='ltr'>crurisque</span> <span class='ocrx_word' id='word_1_24' title='bbox 787 764 820 808; x_wconf 88' lang='lat' dir='ltr'>os</span> <span class='ocrx_word' id='word_1_25' title='bbox 836 744 948 827; x_wconf 87' lang='lat' dir='ltr'>pariter</span> <span class='ocrx_word' id='word_1_26' title='bbox 970 745 1104 829; x_wconf 80' lang='lat' dir='ltr'>longum.</span> <span class='ocrx_word' id='word_1_27' title='bbox 1128 747 1199 811; x_wconf 82' lang='lat' dir='ltr'>Pro</span> 
     </span>
     <span class='ocr_line' id='line_1_4' title="bbox 133 849 1197 938; baseline -0.006 -16"><span class='ocrx_word' id='word_1_28' title='bbox 133 875 221 922; x_wconf 88' lang='lat' dir='ltr'>cerae</span> <span class='ocrx_word' id='word_1_29' title='bbox 244 853 396 938; x_wconf 88' lang='lat' dir='ltr'>siquidem</span> <span class='ocrx_word' id='word_1_30' title='bbox 430 861 558 916; x_wconf 88' lang='lat' dir='ltr'>staturae</span> <span class='ocrx_word' id='word_1_31' title='bbox 581 850 673 916; x_wconf 89' lang='lat' dir='ltr'>luisse</span> <span class='ocrx_word' id='word_1_32' title='bbox 707 849 782 915; x_wconf 87' lang='lat' dir='ltr'>banc</span> <span class='ocrx_word' id='word_1_33' title='bbox 804 849 951 934; x_wconf 82' lang='lat' dir='ltr'>virginem</span> <span class='ocrx_word' id='word_1_34' title='bbox 982 850 1197 916; x_wconf 81' lang='lat' dir='ltr'>sanctissimam</span> 
     </span>
     <span class='ocr_line' id='line_1_5' title="bbox 134 956 1198 1049; baseline -0.005 -22"><span class='ocrx_word' id='word_1_35' title='bbox 134 963 242 1049; x_wconf 81' lang='lat' dir='ltr'>(quae</span> <span class='ocrx_word' id='word_1_36' title='bbox 277 979 371 1045; x_wconf 80' lang='lat' dir='ltr'>agone</span> <span class='ocrx_word' id='word_1_37' title='bbox 406 960 558 1044; x_wconf 87' lang='lat' dir='ltr'>praeclaro</span> <span class='ocrx_word' id='word_1_38' title='bbox 591 957 770 1042; x_wconf 86' lang='lat' dir='ltr'>martyrium</span> <span class='ocrx_word' id='word_1_39' title='bbox 805 956 965 1042; x_wconf 86' lang='lat' dir='ltr'>sumpsit)</span> <span class='ocrx_word' id='word_1_40' title='bbox 998 958 1045 1022; x_wconf 92' lang='lat' dir='ltr'>bis</span> <span class='ocrx_word' id='word_1_41' title='bbox 1079 958 1198 1024; x_wconf 91' lang='lat' dir='ltr'>ossibus</span> 
     </span>
     <span class='ocr_line' id='line_1_6' title="bbox 133 1075 310 1136; baseline -0.023 0"><span class='ocrx_word' id='word_1_42' title='bbox 133 1075 310 1136; x_wconf 89' lang='lat' dir='ltr'>ostentatur.</span> 
     </span>
    </p>

    <p class='ocr_par' dir='ltr' id='par_1_2' title="bbox 133 1171 1204 3058">
     <span class='ocr_line' id='line_1_7' title="bbox 223 1171 1198 1257; baseline 0.001 -19"><span class='ocrx_word' id='word_1_43' title='bbox 223 1175 402 1240; x_wconf 74' lang='lat' dir='ltr'>ludovicos.</span> <span class='ocrx_word' id='word_1_44' title='bbox 427 1173 452 1238; x_wconf 91' lang='grc' dir='ltr'>Ο</span> <span class='ocrx_word' id='word_1_45' title='bbox 477 1171 595 1257; x_wconf 82' lang='lat' dir='ltr'>indigna</span> <span class='ocrx_word' id='word_1_46' title='bbox 625 1191 750 1257; x_wconf 89' lang='lat' dir='ltr'>prorsus</span> <span class='ocrx_word' id='word_1_47' title='bbox 781 1180 870 1257; x_wconf 91' lang='lat' dir='ltr'>atque</span> <span class='ocrx_word' id='word_1_48' title='bbox 887 1171 1037 1238; x_wconf 80' lang='lat' dir='ltr'>nefanda!</span> <span class='ocrx_word' id='word_1_49' title='bbox 1061 1175 1101 1240; x_wconf 94' lang='lat' dir='ltr'>Ut</span> <span class='ocrx_word' id='word_1_50' title='bbox 1127 1174 1198 1239; x_wconf 89' lang='lat' dir='ltr'>tanti</span> 
     </span>
     <span class='ocr_line' id='line_1_8' title="bbox 133 1259 1199 1364; baseline -0.004 -17"><span class='ocrx_word' id='word_1_51' title='bbox 133 1281 270 1364; x_wconf 89' lang='lat' dir='ltr'>corporis</span> <span class='ocrx_word' id='word_1_52' title='bbox 294 1278 440 1352; x_wconf 87' lang='lat' dir='ltr'>membra,</span> <span class='ocrx_word' id='word_1_53' title='bbox 464 1276 601 1342; x_wconf 88' lang='lat' dir='ltr'>avaritiae</span> <span class='ocrx_word' id='word_1_54' title='bbox 625 1277 724 1343; x_wconf 89' lang='lat' dir='ltr'>studio</span> <span class='ocrx_word' id='word_1_55' title='bbox 747 1259 862 1342; x_wconf 85' lang='lat' dir='ltr'>divulsa</span> <span class='ocrx_word' id='word_1_56' title='bbox 890 1277 949 1342; x_wconf 88' lang='lat' dir='ltr'>sint</span> <span class='ocrx_word' id='word_1_57' title='bbox 964 1298 979 1342; x_wconf 91' lang='lat' dir='ltr'>a</span> <span class='ocrx_word' id='word_1_58' title='bbox 996 1297 1051 1343; x_wconf 91' lang='lat' dir='ltr'>sno</span> <span class='ocrx_word' id='word_1_59' title='bbox 1074 1297 1199 1362; x_wconf 90' lang='lat' dir='ltr'>corpore</span> 
     </span>
     <span class='ocr_line' id='line_1_9' title="bbox 133 1382 1200 1469; baseline -0.003 -17"><span class='ocrx_word' id='word_1_60' title='bbox 133 1386 232 1452; x_wconf 89' lang='lat' dir='ltr'>etalio</span> <span class='ocrx_word' id='word_1_61' title='bbox 249 1385 401 1469; x_wconf 86' lang='lat' dir='ltr'>deportata</span> <span class='ocrx_word' id='word_1_62' title='bbox 416 1393 506 1468; x_wconf 90' lang='lat' dir='ltr'>atque</span> <span class='ocrx_word' id='word_1_63' title='bbox 522 1382 666 1467; x_wconf 87' lang='lat' dir='ltr'>dispersa.</span> <span class='ocrx_word' id='word_1_64' title='bbox 685 1383 764 1462; x_wconf 87' lang='lat' dir='ltr'>Quid</span> <span class='ocrx_word' id='word_1_65' title='bbox 780 1382 913 1467; x_wconf 87' lang='lat' dir='ltr'>prolecto</span> <span class='ocrx_word' id='word_1_66' title='bbox 929 1383 1102 1449; x_wconf 87' lang='lat' dir='ltr'>mirandum</span> <span class='ocrx_word' id='word_1_67' title='bbox 1118 1384 1200 1469; x_wconf 91' lang='lat' dir='ltr'>quod</span> 
     </span>
     <span class='ocr_line' id='line_1_10' title="bbox 133 1488 1201 1576; baseline -0.005 -16"><span class='ocrx_word' id='word_1_68' title='bbox 133 1493 234 1560; x_wconf 92' lang='lat' dir='ltr'>omnis</span> <span class='ocrx_word' id='word_1_69' title='bbox 251 1511 346 1576; x_wconf 90' lang='lat' dir='ltr'>paene</span> <span class='ocrx_word' id='word_1_70' title='bbox 363 1490 485 1556; x_wconf 88' lang='lat' dir='ltr'>Graecia</span> <span class='ocrx_word' id='word_1_71' title='bbox 501 1488 573 1556; x_wconf 87' lang='lat' dir='ltr'>orba</span> <span class='ocrx_word' id='word_1_72' title='bbox 596 1489 724 1556; x_wconf 93' lang='lat' dir='ltr'>consilio</span> <span class='ocrx_word' id='word_1_73' title='bbox 739 1489 912 1574; x_wconf 81' lang='lat' dir='ltr'>arixilioque</span> <span class='ocrx_word' id='word_1_74' title='bbox 931 1496 971 1564; x_wconf 88' lang='lat' dir='ltr'>tot</span> <span class='ocrx_word' id='word_1_75' title='bbox 986 1489 1201 1555; x_wconf 77' lang='lat' dir='ltr'>calamitatibus</span> 
     </span>
     <span class='ocr_line' id='line_1_11' title="bbox 133 1593 1201 1682; baseline -0.005 -17"><span class='ocrx_word' id='word_1_76' title='bbox 133 1618 241 1665; x_wconf 89' lang='lat' dir='ltr'>rernm</span> <span class='ocrx_word' id='word_1_77' title='bbox 272 1606 448 1682; x_wconf 83' lang='lat' dir='ltr'>prematur,</span> <span class='ocrx_word' id='word_1_78' title='bbox 480 1617 496 1661; x_wconf 88' lang='lat' dir='ltr'>a</span> <span class='ocrx_word' id='word_1_79' title='bbox 527 1596 655 1670; x_wconf 76' lang='lat' dir='ltr'>Turdis,</span> <span class='ocrx_word' id='word_1_80' title='bbox 688 1595 844 1660; x_wconf 86' lang='lat' dir='ltr'>cristianae</span> <span class='ocrx_word' id='word_1_81' title='bbox 872 1593 943 1659; x_wconf 86' lang='lat' dir='ltr'>fidei</span> <span class='ocrx_word' id='word_1_82' title='bbox 975 1594 1201 1660; x_wconf 88' lang='lat' dir='ltr'>immanissimis</span> 
     </span>
     <span class='ocr_line' id='line_1_12' title="bbox 133 1699 1201 1789; baseline -0.005 -18"><span class='ocrx_word' id='word_1_83' title='bbox 133 1705 297 1771; x_wconf 75' lang='lat' dir='ltr'>hostibus?</span> <span class='ocrx_word' id='word_1_84' title='bbox 320 1702 367 1789; x_wconf 87' lang='lat' dir='ltr'>(l)</span> <span class='ocrx_word' id='word_1_85' title='bbox 391 1703 464 1783; x_wconf 87' lang='lat' dir='ltr'>Quis</span> <span class='ocrx_word' id='word_1_86' title='bbox 487 1703 611 1788; x_wconf 87' lang='lat' dir='ltr'>inquam</span> <span class='ocrx_word' id='word_1_87' title='bbox 639 1701 768 1786; x_wconf 85' lang='lat' dir='ltr'>explicet</span> <span class='ocrx_word' id='word_1_88' title='bbox 794 1699 885 1785; x_wconf 88' lang='lat' dir='ltr'>hujus</span> <span class='ocrx_word' id='word_1_89' title='bbox 909 1701 1055 1786; x_wconf 90' lang='lat' dir='ltr'>temporis</span> <span class='ocrx_word' id='word_1_90' title='bbox 1078 1700 1201 1768; x_wconf 79' lang='lat' dir='ltr'>clades‘l</span> 
     </span>
     <span class='ocr_line' id='line_1_13' title="bbox 133 1807 1200 1892; baseline -0.005 -15"><span class='ocrx_word' id='word_1_91' title='bbox 133 1811 223 1887; x_wconf 86' lang='lat' dir='ltr'>bella,</span> <span class='ocrx_word' id='word_1_92' title='bbox 247 1809 364 1884; x_wconf 89' lang='lat' dir='ltr'>caedes,</span> <span class='ocrx_word' id='word_1_93' title='bbox 389 1809 499 1884; x_wconf 87' lang='lat' dir='ltr'>ruinas,</span> <span class='ocrx_word' id='word_1_94' title='bbox 527 1808 712 1892; x_wconf 84' lang='lat' dir='ltr'>direptiones</span> <span class='ocrx_word' id='word_1_95' title='bbox 735 1807 868 1881; x_wconf 87' lang='lat' dir='ltr'>urbium,</span> <span class='ocrx_word' id='word_1_96' title='bbox 885 1807 1021 1872; x_wconf 85' lang='lat' dir='ltr'>incendia</span> <span class='ocrx_word' id='word_1_97' title='bbox 1037 1808 1200 1885; x_wconf 88' lang='lat' dir='ltr'>civitatum,</span> 
     </span>
     <span class='ocr_line' id='line_1_14' title="bbox 134 1911 1201 1999; baseline -0.004 -17"><span class='ocrx_word' id='word_1_98' title='bbox 134 1917 354 1982; x_wconf 88' lang='lat' dir='ltr'>subiectionem</span> <span class='ocrx_word' id='word_1_99' title='bbox 383 1914 626 1999; x_wconf 87' lang='lat' dir='ltr'>provinciarum,</span> <span class='ocrx_word' id='word_1_100' title='bbox 657 1911 783 1998; x_wconf 87' lang='lat' dir='ltr'>praedas</span> <span class='ocrx_word' id='word_1_101' title='bbox 820 1931 966 1997; x_wconf 89' lang='lat' dir='ltr'>pecorum</span> <span class='ocrx_word' id='word_1_102' title='bbox 1002 1912 1201 1999; x_wconf 89' lang='lat' dir='ltr'>omniumque</span> 
     </span>
     <span class='ocr_line' id='line_1_15' title="bbox 133 2018 1202 2105; baseline -0.004 -17"><span class='ocrx_word' id='word_1_103' title='bbox 133 2023 342 2094; x_wconf 82' lang='lat' dir='ltr'>animantium,</span> <span class='ocrx_word' id='word_1_104' title='bbox 359 2021 548 2105; x_wconf 84' lang='lat' dir='ltr'>captivitates,</span> <span class='ocrx_word' id='word_1_105' title='bbox 575 2019 778 2084; x_wconf 89' lang='lat' dir='ltr'>venditionem</span> <span class='ocrx_word' id='word_1_106' title='bbox 797 2019 940 2093; x_wconf 89' lang='lat' dir='ltr'>virorum,</span> <span class='ocrx_word' id='word_1_107' title='bbox 958 2018 1202 2104; x_wconf 84' lang='lat' dir='ltr'>prostitutionem</span> 
     </span>
     <span class='ocr_line' id='line_1_16' title="bbox 134 2125 1202 2213; baseline -0.002 -19"><span class='ocrx_word' id='word_1_108' title='bbox 134 2148 269 2194; x_wconf 87' lang='lat' dir='ltr'>uxorum</span> <span class='ocrx_word' id='word_1_109' title='bbox 301 2127 529 2212; x_wconf 88' lang='lat' dir='ltr'>liberorumque</span> <span class='ocrx_word' id='word_1_110' title='bbox 561 2127 721 2193; x_wconf 88' lang='lat' dir='ltr'>obscaenas</span> <span class='ocrx_word' id='word_1_111' title='bbox 752 2135 841 2213; x_wconf 88' lang='lat' dir='ltr'>atque</span> <span class='ocrx_word' id='word_1_112' title='bbox 868 2125 1018 2203; x_wconf 78' lang='lat' dir='ltr'>nefarias,</span> <span class='ocrx_word' id='word_1_113' title='bbox 1050 2126 1202 2192; x_wconf 89' lang='lat' dir='ltr'>bellorum</span> 
     </span>
     <span class='ocr_line' id='line_1_17' title="bbox 135 2232 1201 2319; baseline -0.003 -19"><span class='ocrx_word' id='word_1_114' title='bbox 135 2235 251 2312; x_wconf 82' lang='lat' dir='ltr'>excidia</span> <span class='ocrx_word' id='word_1_115' title='bbox 283 2234 480 2318; x_wconf 89' lang='lat' dir='ltr'>omniumque</span> <span class='ocrx_word' id='word_1_116' title='bbox 513 2232 704 2299; x_wconf 87' lang='lat' dir='ltr'>infandarum</span> <span class='ocrx_word' id='word_1_117' title='bbox 727 2233 871 2299; x_wconf 90' lang='lat' dir='ltr'>mortium</span> <span class='ocrx_word' id='word_1_118' title='bbox 894 2234 1131 2319; x_wconf 69' lang='lat' dir='ltr'>generatonis,</span> <span class='ocrx_word' id='word_1_119' title='bbox 1157 2233 1201 2298; x_wconf 92' lang='lat' dir='ltr'>in·</span> 
     </span>
     <span class='ocr_line' id='line_1_18' title="bbox 134 2336 1201 2424; baseline -0.004 -20"><span class='ocrx_word' id='word_1_120' title='bbox 134 2359 238 2424; x_wconf 88' lang='lat' dir='ltr'>quarn,</span> <span class='ocrx_word' id='word_1_121' title='bbox 255 2358 384 2423; x_wconf 86' lang='lat' dir='ltr'>aequare</span> <span class='ocrx_word' id='word_1_122' title='bbox 408 2337 538 2403; x_wconf 88' lang='lat' dir='ltr'>lacrimis</span> <span class='ocrx_word' id='word_1_123' title='bbox 554 2339 647 2422; x_wconf 87' lang='lat' dir='ltr'>possit</span> <span class='ocrx_word' id='word_1_124' title='bbox 663 2339 828 2403; x_wconf 90' lang='lat' dir='ltr'>immensos</span> <span class='ocrx_word' id='word_1_125' title='bbox 846 2338 970 2403; x_wconf 87' lang='lat' dir='ltr'>Greciae</span> <span class='ocrx_word' id='word_1_126' title='bbox 986 2337 1121 2404; x_wconf 91' lang='lat' dir='ltr'>doloresl</span> <span class='ocrx_word' id='word_1_127' title='bbox 1145 2336 1201 2404; x_wconf 85' lang='lat' dir='ltr'>lli-</span> 
     </span>
     <span class='ocr_line' id='line_1_19' title="bbox 135 2442 1202 2529; baseline -0.001 -20"><span class='ocrx_word' id='word_1_128' title='bbox 135 2445 263 2509; x_wconf 87' lang='lat' dir='ltr'>seranda</span> <span class='ocrx_word' id='word_1_129' title='bbox 291 2444 404 2529; x_wconf 90' lang='lat' dir='ltr'>ubique</span> <span class='ocrx_word' id='word_1_130' title='bbox 440 2443 528 2509; x_wconf 90' lang='lat' dir='ltr'>lacies</span> <span class='ocrx_word' id='word_1_131' title='bbox 551 2452 580 2509; x_wconf 88' lang='lat' dir='ltr'>et</span> <span class='ocrx_word' id='word_1_132' title='bbox 603 2443 825 2510; x_wconf 89' lang='lat' dir='ltr'>atrocissimum</span> <span class='ocrx_word' id='word_1_133' title='bbox 848 2443 1042 2508; x_wconf 88' lang='lat' dir='ltr'>miseriarum</span> <span class='ocrx_word' id='word_1_134' title='bbox 1065 2442 1202 2509; x_wconf 90' lang='lat' dir='ltr'>omnium</span> 
     </span>
     <span class='ocr_line' id='line_1_20' title="bbox 135 2547 1202 2634; baseline -0.004 -20"><span class='ocrx_word' id='word_1_135' title='bbox 135 2569 250 2634; x_wconf 84' lang='lat' dir='ltr'>genus,</span> <span class='ocrx_word' id='word_1_136' title='bbox 275 2549 356 2634; x_wconf 90' lang='lat' dir='ltr'>quod</span> <span class='ocrx_word' id='word_1_137' title='bbox 380 2558 447 2613; x_wconf 87' lang='lat' dir='ltr'>ante</span> <span class='ocrx_word' id='word_1_138' title='bbox 468 2549 653 2614; x_wconf 88' lang='lat' dir='ltr'>Graecorum</span> <span class='ocrx_word' id='word_1_139' title='bbox 670 2549 772 2613; x_wconf 90' lang='lat' dir='ltr'>oculos</span> <span class='ocrx_word' id='word_1_140' title='bbox 788 2547 843 2612; x_wconf 89' lang='lat' dir='ltr'>bac</span> <span class='ocrx_word' id='word_1_141' title='bbox 859 2555 1033 2630; x_wconf 83' lang='lat' dir='ltr'>tempestate</span> <span class='ocrx_word' id='word_1_142' title='bbox 1057 2557 1202 2613; x_wconf 88' lang='lat' dir='ltr'>versatur.</span> 
     </span>
     <span class='ocr_line' id='line_1_21' title="bbox 135 2650 1202 2740; baseline -0.004 -20"><span class='ocrx_word' id='word_1_143' title='bbox 135 2656 258 2740; x_wconf 86' lang='lat' dir='ltr'>Quippe</span> <span class='ocrx_word' id='word_1_144' title='bbox 286 2654 339 2739; x_wconf 90' lang='lat' dir='ltr'>qui</span> <span class='ocrx_word' id='word_1_145' title='bbox 363 2654 499 2719; x_wconf 90' lang='lat' dir='ltr'>omnium</span> <span class='ocrx_word' id='word_1_146' title='bbox 523 2654 698 2718; x_wconf 89' lang='lat' dir='ltr'>scismatum</span> <span class='ocrx_word' id='word_1_147' title='bbox 720 2650 813 2716; x_wconf 90' lang='lat' dir='ltr'>duces</span> <span class='ocrx_word' id='word_1_148' title='bbox 829 2660 859 2716; x_wconf 90' lang='lat' dir='ltr'>et</span> <span class='ocrx_word' id='word_1_149' title='bbox 881 2658 1017 2716; x_wconf 89' lang='lat' dir='ltr'>auctores</span> <span class='ocrx_word' id='word_1_150' title='bbox 1040 2651 1202 2716; x_wconf 91' lang='lat' dir='ltr'>dissensio·</span> 
     </span>
     <span class='ocr_line' id='line_1_22' title="bbox 135 2754 1204 2843; baseline -0.004 -19"><span class='ocrx_word' id='word_1_151' title='bbox 135 2779 212 2824; x_wconf 93' lang='lat' dir='ltr'>num</span> <span class='ocrx_word' id='word_1_152' title='bbox 230 2778 352 2843; x_wconf 90' lang='lat' dir='ltr'>semper</span> <span class='ocrx_word' id='word_1_153' title='bbox 368 2758 464 2824; x_wconf 90' lang='lat' dir='ltr'>luere.</span> <span class='ocrx_word' id='word_1_154' title='bbox 482 2760 620 2837; x_wconf 86' lang='lat' dir='ltr'>Quorum</span> <span class='ocrx_word' id='word_1_155' title='bbox 636 2755 767 2840; x_wconf 88' lang='lat' dir='ltr'>superba</span> <span class='ocrx_word' id='word_1_156' title='bbox 791 2755 880 2820; x_wconf 90' lang='lat' dir='ltr'>nimis</span> <span class='ocrx_word' id='word_1_157' title='bbox 903 2754 1106 2822; x_wconf 81' lang='lat' dir='ltr'>obstinatione</span> <span class='ocrx_word' id='word_1_158' title='bbox 1128 2755 1204 2821; x_wconf 92' lang='lat' dir='ltr'>dum</span> 
     </span>
     <span class='ocr_line' id='line_1_23' title="bbox 136 2861 1203 2948; baseline -0.004 -16"><span class='ocrx_word' id='word_1_159' title='bbox 136 2887 169 2932; x_wconf 88' lang='lat' dir='ltr'>se</span> <span class='ocrx_word' id='word_1_160' title='bbox 193 2887 227 2932; x_wconf 92' lang='lat' dir='ltr'>se</span> <span class='ocrx_word' id='word_1_161' title='bbox 251 2866 414 2931; x_wconf 86' lang='lat' dir='ltr'>insolenter</span> <span class='ocrx_word' id='word_1_162' title='bbox 436 2866 591 2940; x_wconf 85' lang='lat' dir='ltr'>extollunt,</span> <span class='ocrx_word' id='word_1_163' title='bbox 616 2864 681 2948; x_wconf 91' lang='lat' dir='ltr'>ipso</span> <span class='ocrx_word' id='word_1_164' title='bbox 704 2883 759 2928; x_wconf 92' lang='lat' dir='ltr'>suo</span> <span class='ocrx_word' id='word_1_165' title='bbox 781 2871 902 2928; x_wconf 89' lang='lat' dir='ltr'>tumore</span> <span class='ocrx_word' id='word_1_166' title='bbox 925 2861 1049 2940; x_wconf 87' lang='lat' dir='ltr'>caecati,</span> <span class='ocrx_word' id='word_1_167' title='bbox 1074 2880 1203 2948; x_wconf 80' lang='lat' dir='ltr'>regnum</span> 
     </span>
     <span class='ocr_line' id='line_1_24' title="bbox 136 2970 766 3058; baseline -0.008 -19"><span class='ocrx_word' id='word_1_168' title='bbox 136 2974 260 3058; x_wconf 85' lang='lat' dir='ltr'>pariter,</span> <span class='ocrx_word' id='word_1_169' title='bbox 285 2982 314 3037; x_wconf 89' lang='lat' dir='ltr'>et</span> <span class='ocrx_word' id='word_1_170' title='bbox 337 2972 467 3036; x_wconf 83' lang='lat' dir='ltr'>veritatis</span> <span class='ocrx_word' id='word_1_171' title='bbox 491 2972 594 3036; x_wconf 90' lang='lat' dir='ltr'>lumen</span> <span class='ocrx_word' id='word_1_172' title='bbox 618 2970 766 3035; x_wconf 91' lang='lat' dir='ltr'>amittunt.</span> 
     </span>
    </p>

    <p class='ocr_par' dir='ltr' id='par_1_3' title="bbox 136 3075 1206 3692">
     <span class='ocr_line' id='line_1_25' title="bbox 227 3075 1204 3162; baseline -0.004 -16"><span class='ocrx_word' id='word_1_173' title='bbox 227 3080 411 3146; x_wconf 73' lang='lat' dir='ltr'>Alexander.</span> <span class='ocrx_word' id='word_1_174' title='bbox 437 3080 478 3143; x_wconf 87' lang='lat' dir='ltr'>lta</span> <span class='ocrx_word' id='word_1_175' title='bbox 501 3076 635 3162; x_wconf 87' lang='lat' dir='ltr'>quidem.</span> <span class='ocrx_word' id='word_1_176' title='bbox 664 3077 743 3142; x_wconf 91' lang='lat' dir='ltr'>Nam</span> <span class='ocrx_word' id='word_1_177' title='bbox 766 3085 795 3141; x_wconf 90' lang='lat' dir='ltr'>et</span> <span class='ocrx_word' id='word_1_178' title='bbox 818 3075 875 3162; x_wconf 91' lang='lat' dir='ltr'>boc</span> <span class='ocrx_word' id='word_1_179' title='bbox 906 3085 1043 3160; x_wconf 89' lang='lat' dir='ltr'>tempore</span> <span class='ocrx_word' id='word_1_180' title='bbox 1073 3076 1204 3143; x_wconf 88' lang='lat' dir='ltr'>adcon·</span> 
     </span>
     <span class='ocr_line' id='line_1_26' title="bbox 136 3183 1205 3269; baseline -0.007 -15"><span class='ocrx_word' id='word_1_181' title='bbox 136 3187 275 3254; x_wconf 85' lang='lat' dir='ltr'>cordiam</span> <span class='ocrx_word' id='word_1_182' title='bbox 304 3185 508 3269; x_wconf 88' lang='lat' dir='ltr'>unitatemque</span> <span class='ocrx_word' id='word_1_183' title='bbox 546 3186 699 3250; x_wconf 85' lang='lat' dir='ltr'>Romanae</span> <span class='ocrx_word' id='word_1_184' title='bbox 730 3183 880 3248; x_wconf 88' lang='lat' dir='ltr'>Ecclesiae</span> <span class='ocrx_word' id='word_1_185' title='bbox 911 3203 926 3247; x_wconf 91' lang='lat' dir='ltr'>a</span> <span class='ocrx_word' id='word_1_186' title='bbox 957 3201 1007 3248; x_wconf 91' lang='lat' dir='ltr'>me</span> <span class='ocrx_word' id='word_1_187' title='bbox 1038 3183 1205 3268; x_wconf 89' lang='lat' dir='ltr'>impensius</span> 
     </span>
     <span class='ocr_line' id='line_1_27' title="bbox 137 3286 1204 3371; baseline -0.007 -14"><span class='ocrx_word' id='word_1_188' title='bbox 137 3291 263 3367; x_wconf 87' lang='lat' dir='ltr'>invitati,</span> <span class='ocrx_word' id='word_1_189' title='bbox 288 3309 347 3355; x_wconf 94' lang='lat' dir='ltr'>non</span> <span class='ocrx_word' id='word_1_190' title='bbox 370 3289 460 3354; x_wconf 92' lang='lat' dir='ltr'>modo</span> <span class='ocrx_word' id='word_1_191' title='bbox 485 3288 513 3353; x_wconf 93' lang='lat' dir='ltr'>in</span> <span class='ocrx_word' id='word_1_192' title='bbox 539 3288 645 3353; x_wconf 89' lang='lat' dir='ltr'>insulis</span> <span class='ocrx_word' id='word_1_193' title='bbox 669 3288 820 3363; x_wconf 88' lang='lat' dir='ltr'>Graeciae,</span> <span class='ocrx_word' id='word_1_194' title='bbox 844 3287 897 3352; x_wconf 89' lang='lat' dir='ltr'>sed</span> <span class='ocrx_word' id='word_1_195' title='bbox 922 3287 952 3351; x_wconf 92' lang='lat' dir='ltr'>in</span> <span class='ocrx_word' id='word_1_196' title='bbox 975 3286 1058 3352; x_wconf 88' lang='lat' dir='ltr'>omni</span> <span class='ocrx_word' id='word_1_197' title='bbox 1081 3305 1204 3371; x_wconf 90' lang='lat' dir='ltr'>quoque</span> 
     </span>
     <span class='ocr_line' id='line_1_28' title="bbox 138 3392 1204 3485; baseline -0.008 -21"><span class='ocrx_word' id='word_1_198' title='bbox 138 3399 228 3485; x_wconf 84' lang='lat' dir='ltr'>Syria</span> <span class='ocrx_word' id='word_1_199' title='bbox 252 3407 282 3462; x_wconf 86' lang='lat' dir='ltr'>et</span> <span class='ocrx_word' id='word_1_200' title='bbox 308 3395 454 3481; x_wconf 81' lang='lat' dir='ltr'>Aegypto,</span> <span class='ocrx_word' id='word_1_201' title='bbox 487 3393 669 3478; x_wconf 82' lang='lat' dir='ltr'>Arabiaque,</span> <span class='ocrx_word' id='word_1_202' title='bbox 698 3393 813 3477; x_wconf 87' lang='lat' dir='ltr'>Synodi</span> <span class='ocrx_word' id='word_1_203' title='bbox 844 3392 1034 3457; x_wconf 85' lang='lat' dir='ltr'>Florentinae</span> <span class='ocrx_word' id='word_1_204' title='bbox 1061 3392 1118 3456; x_wconf 90' lang='lat' dir='ltr'>sub</span> <span class='ocrx_word' id='word_1_205' title='bbox 1141 3393 1204 3456; x_wconf 86' lang='lat' dir='ltr'>Eu·</span> 
     </span>
     <span class='ocr_line' id='line_1_29' title="bbox 138 3495 1206 3590; baseline -0.009 -20"><span class='ocrx_word' id='word_1_206' title='bbox 138 3503 228 3590; x_wconf 84' lang='lat' dir='ltr'>genio</span> <span class='ocrx_word' id='word_1_207' title='bbox 252 3503 304 3576; x_wconf 87' lang='lat' dir='ltr'>lv,</span> <span class='ocrx_word' id='word_1_208' title='bbox 333 3508 494 3565; x_wconf 88' lang='lat' dir='ltr'>maturatas</span> <span class='ocrx_word' id='word_1_209' title='bbox 509 3497 630 3563; x_wconf 90' lang='lat' dir='ltr'>biennio</span> <span class='ocrx_word' id='word_1_210' title='bbox 657 3496 847 3562; x_wconf 87' lang='lat' dir='ltr'>definitiones</span> <span class='ocrx_word' id='word_1_211' title='bbox 867 3504 897 3560; x_wconf 89' lang='lat' dir='ltr'>et</span> <span class='ocrx_word' id='word_1_212' title='bbox 919 3495 1092 3579; x_wconf 88' lang='lat' dir='ltr'>apostolicas</span> <span class='ocrx_word' id='word_1_213' title='bbox 1108 3495 1206 3565; x_wconf 86' lang='lat' dir='ltr'>bullas</span> 
     </span>
     <span class='ocr_line' id='line_1_30' title="bbox 139 3599 1204 3692; baseline -0.006 -18"><span class='ocrx_word' id='word_1_214' title='bbox 139 3610 272 3676; x_wconf 82' lang='lat' dir='ltr'>offerens</span> <span class='ocrx_word' id='word_1_215' title='bbox 288 3607 350 3692; x_wconf 87' lang='lat' dir='ltr'>(bic</span> <span class='ocrx_word' id='word_1_216' title='bbox 365 3606 421 3672; x_wconf 88' lang='lat' dir='ltr'>luit</span> <span class='ocrx_word' id='word_1_217' title='bbox 443 3603 610 3691; x_wconf 86' lang='lat' dir='ltr'>patriarcba</span> <span class='ocrx_word' id='word_1_218' title='bbox 627 3599 896 3684; x_wconf 83' lang='lat' dir='ltr'>lerosolimitanus)¹</span> <span class='ocrx_word' id='word_1_219' title='bbox 912 3601 1080 3666; x_wconf 88' lang='lat' dir='ltr'>contumaci</span> <span class='ocrx_word' id='word_1_220' title='bbox 1095 3603 1204 3680; x_wconf 89' lang='lat' dir='ltr'>animo,</span> 
     </span>
    </p>
   </div>
   <div class='ocr_carea' id='block_1_2' title="bbox 144 3769 356 3784">
    <p class='ocr_par' dir='ltr' id='par_1_4' title="bbox 144 3769 356 3784">
     <span class='ocr_line' id='line_1_31' title="bbox 144 3769 356 3784; baseline -0.014 0"><span class='ocrx_word' id='word_1_221' title='bbox 144 3769 356 3784; x_wconf 53' lang='lat' dir='ltr'>m·-</span> 
     </span>
    </p>
   </div>
   <div class='ocr_carea' id='block_1_3' title="bbox 141 3836 1208 4005">
    <p class='ocr_par' dir='ltr' id='par_1_5' title="bbox 141 3836 1208 4005">
     <span class='ocr_line' id='line_1_32' title="bbox 212 3836 1208 3916; baseline -0.003 -18"><span class='ocrx_word' id='word_1_222' title='bbox 212 3845 253 3914; x_wconf 86' lang='grc'>(1)</span> <span class='ocrx_word' id='word_1_223' title='bbox 272 3844 383 3916; x_wconf 86' lang='lat' dir='ltr'>Eppure</span> <span class='ocrx_word' id='word_1_224' title='bbox 401 3843 409 3898; x_wconf 92' lang='lat' dir='ltr'>i</span> <span class='ocrx_word' id='word_1_225' title='bbox 428 3841 549 3914; x_wconf 77' lang='lat' dir='ltr'>Celegeri</span> <span class='ocrx_word' id='word_1_226' title='bbox 571 3840 726 3898; x_wconf 85' lang='lat' dir='ltr'>rendettero</span> <span class='ocrx_word' id='word_1_227' title='bbox 752 3836 819 3894; x_wconf 89' lang='lat' dir='ltr'>delle</span> <span class='ocrx_word' id='word_1_228' title='bbox 843 3836 956 3911; x_wconf 86' lang='lat' dir='ltr'>reliquie</span> <span class='ocrx_word' id='word_1_229' title='bbox 983 3855 1055 3898; x_wconf 86' lang='lat' dir='ltr'>vero.</span> <span class='ocrx_word' id='word_1_230' title='bbox 1072 3839 1129 3898; x_wconf 80' lang='lat' dir='ltr'>cna</span> <span class='ocrx_word' id='word_1_231' title='bbox 1145 3852 1208 3897; x_wconf 82' lang='lat' dir='ltr'>cosa</span> 
     </span>
     <span class='ocr_line' id='line_1_33' title="bbox 141 3924 1005 4005; baseline -0.002 -20"><span class='ocrx_word' id='word_1_232' title='bbox 141 3931 259 3988; x_wconf 81' lang='lat' dir='ltr'>arrebbe</span> <span class='ocrx_word' id='word_1_233' title='bbox 277 3931 350 3986; x_wconf 81' lang='lat' dir='ltr'>detto</span> <span class='ocrx_word' id='word_1_234' title='bbox 369 3932 385 3985; x_wconf 89' lang='lat' dir='ltr'>l’</span> <span class='ocrx_word' id='word_1_235' title='bbox 396 3930 505 3986; x_wconf 83' lang='lat' dir='ltr'>Ariosto</span> <span class='ocrx_word' id='word_1_236' title='bbox 523 3928 594 4005; x_wconf 84' lang='lat' dir='ltr'>della</span> <span class='ocrx_word' id='word_1_237' title='bbox 613 3928 722 3986; x_wconf 85' lang='lat' dir='ltr'>vendita</span> <span class='ocrx_word' id='word_1_238' title='bbox 739 3925 769 3982; x_wconf 91' lang='lat' dir='ltr'>di</span> <span class='ocrx_word' id='word_1_239' title='bbox 787 3924 898 3998; x_wconf 85' lang='lat' dir='ltr'>reliquie</span> <span class='ocrx_word' id='word_1_240' title='bbox 917 3926 1005 3983; x_wconf 74' lang='lat' dir='ltr'>laisei</span> 
     </span>
    </p>
   </div>
   <div class='ocr_carea' id='block_1_4' title="bbox 0 0 1482 4728">
    <p class='ocr_par' dir='ltr' id='par_1_6' title="bbox 0 0 1482 4728">
     <span class='ocr_line' id='line_1_34' title="bbox 0 0 1482 4728; baseline 0 0"><span class='ocrx_word' id='word_1_241' title='bbox 0 0 1482 4728; x_wconf 95' lang='lat' dir='ltr'> </span> 
     </span>
    </p>
   </div>
  </div>
 </body>
</html>
