2970 4730
758 387 934 455 -ll8-

312 564 488 634 coelestium
509 563 729 652 seripturarum
763 563 889 650 religio,
923 555 1093 649 veritasque
1116 563 1211 630 abluit
1233 566 1326 634 simul
1349 575 1382 634 et

314 671 482 758 evangelica
512 669 747 757 praedicantium
777 669 920 736 doctrina.
934 669 1090 735 vPeriaeile
1121 670 1192 758 inde
1222 671 1279 738 init
1304 673 1381 760 ipsis

312 777 343 843 in
360 778 433 845 vicia
447 777 507 843 iam
522 775 670 862 collapsis,
693 774 877 861 persuadere
894 775 1055 845 Mainometi
1078 775 1177 861 legem
1193 797 1268 844 esse
1290 798 1380 864 prae·

311 883 505 960 stantiorem,
539 882 688 968 illumque
722 881 921 948 novissimum
951 901 1031 948 esse·
1050 881 1101 948 dei
1130 882 1311 969 prophetam
1344 892 1382 949 ut

310 990 403 1067 aiunt,
425 988 475 1055 eui
497 996 527 1054 et
549 987 623 1054 adeo
646 987 758 1054 eredita
780 987 838 1053 luit
860 987 920 1065 lex,
945 996 976 1053 et
997 988 1035 1054 ah
1051 1008 1087 1054 eo
1102 989 1222 1075 populis
1240 989 1381 1074 promul·

311 1103 385 1179 gata.
408 1093 491 1173 Quae
524 1092 562 1157 ab
583 1091 752 1158 innumeris
776 1109 854 1176 pene
878 1091 1018 1176 gentibus
1040 1079 1179 1178 suscepta
1202 1101 1257 1170 est,
1284 1091 1381 1158 veluti

310 1197 468 1275 eelebrior,
492 1197 601 1274 verior,
625 1196 796 1282 aceeptior,
820 1215 921 1282 quum·
940 1205 970 1262 et
993 1198 1058 1264 veri
1080 1197 1202 1285 aliquod
1223 1197 1328 1263 alienat
1349 1207 1382 1263 et

310 1302 348 1368 ad
371 1301 530 1388 propalare
547 1319 664 1366 'nomen
688 1300 846 1384 voluptatis
869 1320 976 1369 omnes
1009 1302 1121 1367 invitat.
1149 1301 1248 1368 Nemo
1267 1321 1381 1388 nempe
1451 1379 1453 1382 ¹

311 1419 366 1487 est,
382 1408 512 1495 quinon
528 1408 558 1472 in
575 1406 648 1472 vicia
664 1425 779 1492 pronus
803 1408 850 1485 sit,
874 1417 1035 1493 propterea
1051 1407 1259 1475 multitudines
1279 1429 1381 1496 popu·

310 1516 411 1582 lorum
432 1515 471 1580 ad
494 1533 526 1580 se
548 1512 668 1579 trahere
691 1512 796 1597 potuit.
828 1514 899 1578 Lata
931 1513 1057 1599 quidem
1087 1522 1134 1580 est
1162 1515 1222 1600 (ut
1244 1516 1383 1582 Salvator

311 1620 432 1710 inquit)
463 1619 638 1706 perditionis
667 1617 713 1684 via
745 1627 774 1684 et
805 1619 894 1684 multi
917 1623 1063 1704 peream
1086 1619 1307 1705 ingrediuntur.
1329 1622 1383 1686 Ex

311 1728 448 1804 adverso,
471 1725 550 1792 areta
572 1734 620 1792 est
642 1744 721 1813 quae
744 1723 886 1791 ‹lueitad
911 1726 1010 1791 vitam.
1034 1727 1070 1790 ln
1093 1744 1152 1812 qua
1174 1726 1259 1791 Deus
1273 1728 1382 1810 posuit

309 1832 469 1909 iusticiam,
493 1831 733 1917 temperantiam,
757 1830 940 1915 patientiam,
964 1830 1128 1897 castitatem
1150 1839 1182 1896 et
1203 1829 1381 1917 hujusmodi

310 1946 434 2003 caetera.
459 1939 525 2003 lmo
547 1956 585 2002 ex
607 1955 697 2002 cruce
732 1934 870 2000 Christus
900 1934 1045 2020 explicuit
1062 1933 1208 2000 eliense
1231 1939 1286 2017 pet
1316 1956 1381 2002 nort

312 2045 417 2125 deripit
439 2046 565 2108 erucem
580 2061 669 2108 neem
691 2050 719 2108 et
741 2043 878 2123 repetitur
892 2061 948 2117 me,
965 2061 1026 2106 noe
1041 2049 1083 2106 eet
1097 2043 1276 2126 mediolana.
1292 2040 1381 2108 Idee-

312 2165 373 2232 que
389 2147 485 2212 ¹haud
515 2146 687 2238 mirandum
719 2155 786 2225 est,
817 2147 843 2212 si
874 2145 1094 2216 Mahumetanis
1117 2146 1258 2212 institutis
1287 2165 1382 2233 quam

304 2250 400 2317 ,multi
416 2251 564 2317 inherere
587 2252 780 2330 maluerunt,
805 2252 976 2338 evangeliea
999 2251 1064 2337 lege
1087 2250 1214 2318 deserte.
1228 2251 1381 2331 Quande·
1478 2259 1479 2264 ’

301 2355 444 2442 :quidem
461 2353 609 2433 homines,
633 2354 776 2420 virtutem
800 2354 1050 2422 amaritudinibus
1065 2354 1198 2420 ,minem
1213 2375 1274 2422 non
1294 2355 1382 2421 iacile

312 2461 506 2546 amplectunt,
530 2458 584 2526 sed
607 2458 681 2526 vicia
695 2460 849 2545 *voluptati
871 2460 1028 2526 eoniunea
1051 2459 1144 2526 satius
1166 2460 1381 2546 insequuntur.

312 2567 388 2648 Quis
411 2576 442 2634 et
455 2565 623 2634 dominum
646 2575 706 2632 tam
728 2565 851 2652 ignarus
873 2567 1064 2652 obtususque
1087 2566 1208 2652 ingenio
1229 2567 1323 2632 valeat
1339 2567 1382 2633 in·

301 2673 506 2760 >veniri,.qui
528 2673 689 2760 utriusque
712 2672 823 2738 saeculi
846 2670 1082 2750 oblectamenta,
1118 2672 1257 2759 vitaeque
1279 2672 1380 2738 suavi·

303 2789 389 2845 ¹tates
410 2799 469 2844 nen
485 2779 588 2865 magis
611 2778 720 2864 eligat,
743 2777 890 2864 quam'in
912 2777 1006 2844 altero
1029 2778 1105 2844 ullas
1134 2797 1295 2844 aerumnas
1328 2787 1382 2844 aut

301 2883 452 2949 >miserias
476 2883 605 2970 perpeti,
627 2901 702 2970 quas
725 2889 755 2947 et
777 2880 858 2947 ferre
881 2890 1215 2966 asperumestmentra
1231 2891 1381 2961 naturam,
1476 2903 1477 2961 t

315 2984 458 3064 difficile,
482 2987 587 3065 triste,
616 2985 760 3052 durumi
779 2987 856 3052 :Lex
886 2984 1055 3053 Modumeti
1068 2986 1140 3061 suis
1163 2986 1381 3066 sectatoribus,

307 3093 451 3180 primum
475 3101 505 3158 et
526 3092 673 3178 permittit
698 3100 728 3159 et
754 3091 922 3177 pollicetur,
946 3091 1116 3158 seeundum
1139 3091 1252 3158 Christi
1274 3093 1382 3179 religio

314 3202 407 3281 iubet,
424 3209 654 3268 aoeontestatur
677 3200 800 3266 dicens:
827 3202 892 3282 Qut
907 3203 941 3266 ie
963 3203 1018 3267 leae
1038 3204 1101 3266 uite
1115 3204 1272 3284 temperati
1291 3210 1382 3283 utpee

299 3311 586 3376 temne-vetent
607 3327 668 3374 esse
691 3307 803 3386 tutes,
826 3313 940 3390 semper
960 3316 997 3372 et
1018 3310 1169 3376 etimne
1190 3317 1381 3376 redemerat.

314 3419 373 3499 Qui
392 3437 469 3484 *vero
485 3417 686 3484 'pedeturam
699 3416 963 3484 'immortalitatem
984 3411 1217 3500 odipiseendam,
1232 3414 1383 3501 patienter
1474 3477 1475 3492 ,

314 3517 456 3591 maluerit
476 3524 585 3590 mundi
607 3524 685 3590 mala
708 3521 845 3610 perferre
862 3530 903 3588 et-
919 3519 1090 3588 ultroneam
1103 3520 1250 3607 inopiam,
1261 3518 1384 3588 etiniu·
1474 3493 1475 3571 d

303 3630 382 3695 rias
397 3651 431 3697 ae
452 3631 668 3708 contumelias,
693 3630 811 3716 reliqua
833 3628 983 3695 eiusmodi
1006 3627 1206 3714 equanimiter
1229 3626 1381 3703 tollerare,
1473 3685 1474 3690 ,

300 3736 369 3801 -lrie
387 3738 477 3801 vitam
500 3747 686 3823 assequetur,
701 3746 869 3814 aeternam,
889 3744 924 3802 ut
945 3733 1155 3821 quidem-‘jam
1177 3734 1262 3800 mala.
1278 3731 1385 3800 diuini-

316 3838 382 3903 tatis
405 3859 507 3906 amore
530 3843 663 3927 pertulit,
688 3843 778 3908 etiam
802 3840 888 3906 bonis·
910 3837 1030 3926 periuat
1049 3838 1188 3906 aeternis
1204 3839 1260 3903 Est
1278 3845 1382 3910 autem

313 3943 432 4008 summi·
453 3944 523 4011 boni
546 3945 704 4013 naturein
727 3945 821 4014 arduo
843 3945 948 4032 posita,
972 3954 1061 4013 utet·
1079 3961 1200 4012 summe
1224 3942 1264 4012 id.
1278 3941 1381 4008 labore
