2970 4730
707 353 882 418 -lat—

264 528 487 616 dissimilesque
508 527 607 593 cultus
629 545 684 611 per
701 525 872 592 universam
888 526 1113 602 terrem,etulta
1129 526 1328 613 persuasione

265 641 412 714 homines,
429 634 589 724 perlidiosa
603 634 780 720 deceptione
803 634 1000 720 susceperint.
1017 634 1118 720 Hique
1133 633 1324 720 praesertim,

263 748 317 834 qui
340 754 402 812 toto
424 761 550 829 corpore
573 743 603 807 in
627 741 757 809 humum
780 739 925 826 projecti,
957 741 1054 806 ventri
1077 741 1249 826 pabuloque
1273 740 1328 806 de·

264 853 409 928 serviunt,
433 849 525 917 veluti
548 848 656 926 Mauri,
673 847 726 933 qui
742 847 819 913 bona
834 847 934 914 omnia
956 866 1016 914 non
1040 846 1078 913 ad
1101 856 1235 912 mentem
1251 846 1332 922 rele-¹

264 955 358 1023 reuda
381 974 468 1032 esso,
500 953 554 1020 sed
584 961 700 1018 mutum
731 952 769 1017 ad
799 971 910 1037 corpus
940 951 1119 1018 existimant.
1143 953 1265 1038 Quique
1291 950 1333 1016 ad

264 1070 376 1128 terram
399 1078 505 1124 versus
527 1057 676 1144 abjectum
698 1075 750 1122 cor
773 1055 927 1133 habentes,
960 1055 992 1122 in
1023 1055 1151 1122 terrenis
1178 1056 1333 1123 dumtaxat

264 1167 460 1234 oblectantur.
484 1164 593 1230 Solum
615 1181 748 1249 namquo
771 1161 916 1248 augendis
939 1162 1047 1248 opibus
1072 1162 1333 1249 assequendisque

264 1270 452 1348 honoribus,
475 1267 711 1354 hauriendisque
735 1269 960 1353 voluptatibus,
989 1269 1130 1335 omnibus
1152 1267 1334 1334 incumbunt

263 1482 390 1550 ablaturi
412 1482 605 1567 voluptatem,
629 1500 706 1566 quos
730 1499 786 1546 noc
810 1480 942 1566 pudora
966 1480 1164 1566 turpitudine,
1180 1499 1237 1545 uec
1259 1478 1334 1544 ratio

264 1587 302 1653 ab
324 1587 438 1672 impetu
462 1585 623 1652 libidinum
646 1593 773 1651 revocat.
798 1585 918 1671 Quippe
941 1586 1005 1671 qui,
1021 1604 1112 1652 omne
1127 1584 1159 1650 in
1175 1583 1223 1649 his
1238 1583 1333 1649 otium

264 1693 480 1778 negotiumque
503 1700 663 1777 reponunt,
688 1710 866 1778 curamque,
890 1711 968 1779 quos
990 1699 1149 1776 propterea
1172 1690 1255 1755 nulla
1270 1707 1334 1754 coe

265 1798 333 1865 lesti
355 1798 488 1864 doctrina
511 1797 604 1864 deum
628 1797 779 1876 scientos,
803 1797 943 1864 diabolus
965 1817 1069 1862 errore
1092 1794 1235 1882 impedit,
1259 1795 1335 1872 stul·

265 1905 326 1972 titia
349 1905 459 1984 obruit,
482 1915 513 1972 et
534 1905 698 1972 teterrimis
721 1902 919 1971 circumfudit
939 1902 1082 1981 tenebris,
1105 1902 1218 1989 quibus
1236 1902 1333 1968 semel

263 2029 371 2076 asera
394 2009 442 2075 dei
466 2009 717 2095 contemplatione
747 2027 921 2095 sensuque,
938 2008 1058 2084 aversi,
1090 2026 1215 2074 sensum
1245 2007 1335 2073 illum

265 2115 402 2180 divinum
423 2115 544 2199 corpori
566 2116 791 2201 manciparunt,
815 2113 897 2200 quod
922 2113 1111 2190 scelerosam,
1127 2112 1333 2199 nefariamque

264 2219 313 2285 sni
335 2219 448 2285 erroris
471 2218 655 2304 impietatem
678 2219 756 2285 caeci
779 2239 813 2284 ac
835 2219 940 2285 miseri
964 2238 1024 2285 non
1049 2227 1217 2306 agnoscant

353 2326 533 2392 ludovicus.
557 2327 662 2410 ltlagna
685 2325 755 2390 satis
777 2323 975 2391 admiratione
997 2334 1119 2404 teneor,
1142 2325 1332 2404 Alexandro,

265 2449 362 2516 quum
378 2448 440 2507 eos,
456 2430 509 2515 qui
524 2429 582 2514 piis
597 2428 728 2495 cultibus
750 2428 844 2494 deum
869 2428 1027 2507 honorant,
1051 2430 1121 2496 licet
1142 2439 1332 2516 peccatorum

266 2534 407 2602 sordibus
428 2534 544 2602 luerint
566 2534 722 2620 inquinati,
745 2534 783 2601 ad
805 2535 961 2601 veritatem
975 2535 1158 2603 noscendam
1180 2552 1240 2602 non
1263 2537 1339 2614 illnff·

265 2639 383 2706 minari.
408 2639 506 2706 Nemo
529 2637 655 2724 quidem
678 2637 813 2703 mundus
835 2657 852 2702 a
874 2637 1011 2704 crimine.
1035 2639 1118 2704 Deus
1141 2649 1242 2706 autem
1265 2642 1333 2727 pius

266 2753 297 2810 et
317 2744 490 2812 misericors
512 2752 543 2809 et
566 2742 754 2829 praestabilis
783 2762 878 2828 super
908 2743 1026 2810 malicia
1055 2743 1235 2812 hominum:
1267 2755 1333 2814 tum

265 2850 446 2936 praesertim
468 2869 539 2916 cum
569 2849 600 2915 in
631 2869 668 2915 eo
697 2848 903 2934 promerendo
932 2848 1083 2934 quispiam
1105 2850 1192 2918 bonis
1222 2853 1337 2928 nitatur

265 2950 390 3030 notibus,
414 2961 444 3022 ct
465 2952 582 3038 pietatis
605 2951 748 3039 operibus
771 2950 901 3018 studeat.
926 2953 1024 3021 Mauri
1046 2973 1177 3040 nempe,
1201 2957 1228 3022 si
1250 2958 1333 3024 viciis

265 3058 378 3144 oppleti
400 3058 469 3136 sint,
493 3078 545 3125 eos
567 3067 668 3125 tamen
691 3078 778 3124 orare
800 3057 905 3137 deum,
929 3058 1012 3145 iungi
1035 3062 1241 3144 praecatione,
1273 3083 1333 3150 qua

265 3164 355 3229 otiam
377 3183 474 3250 genna
496 3162 617 3229 flectant
640 3171 670 3228 et
691 3161 826 3228 cervices
851 3180 973 3248 quoque
996 3163 1140 3231 submissi
1162 3166 1192 3230 in
1218 3175 1333 3234 terram

265 3268 491 3347 delectarent
524 3268 714 3335 veneratione
749 3266 863 3354 majore
895 3266 992 3335 deum
1019 3271 1163 3337 excolant.
1194 3274 1273 3340 ltem
1303 3282 1333 3340 et

265 3374 372 3461 grandi
394 3373 584 3452 continentia,
608 3373 720 3459 iejunia
742 3374 773 3439 in
797 3392 956 3460 vesperam
981 3394 1078 3460 usque
1101 3377 1264 3459 deducere,
1285 3400 1334 3446 err·

265 3479 485 3566 optatissimum
518 3488 575 3545 est·
596 3479 758 3547 Caeterum
782 3487 812 3545 et
834 3499 888 3545 sua
911 3499 971 3546 non
998 3481 1089 3548 modo
1121 3482 1152 3548 in
1181 3503 1333 3571 pauperes

266 3605 411 3672 erogare,
443 3586 610 3653 sedetiam
634 3585 764 3673 quadam
788 3585 980 3652 humanitatis
1003 3585 1099 3654 officio
1129 3589 1210 3656 alere
1240 3611 1333 3679 quam

266 3692 306 3758 ob
329 3713 405 3770 rem,
428 3713 551 3779 quaeso,
574 3702 634 3760 noti
657 3713 753 3781 aeque
771 3695 792 3760 ii
807 3694 928 3760 coelesti
944 3694 1145 3776 miseratione,
1169 3697 1207 3764 ad
1230 3717 1334 3765 veram

266 3796 338 3862 sulci
361 3799 549 3884 relligionem
565 3800 784 3886 suscipiendam
800 3801 997 3870 illustrantur.
1015 3802 1066 3869 Sic
1081 3822 1186 3870 omnes
1209 3806 1333 3872 omnino

163 3913 165 3918 ’
266 3902 494 3971 occidentalium
518 3906 661 3986 nationes,
677 3908 708 3972 iu
724 3907 835 3993 quibus
857 3908 980 3994 spiritus
1004 3909 1095 3976 sancti
1117 3910 1241 3995 gratiam
1265 3929 1332 3980 esse
