2970 4730
551 369 730 438 -ldb-

13 559 15 708 p
103 546 174 614 rimi
195 547 301 614 nostri
325 543 447 612 ordinis
477 544 585 614 iratres
616 565 654 612 ex
676 545 858 612 lerosolimis
889 561 948 611 una
971 562 1169 631 pergeremus

13 717 14 724 ,
101 653 262 732 Nazareth,
286 652 416 720 Galileae
439 652 548 719 urbem
571 653 644 718 olim
667 673 728 718 nou
751 650 933 730 indecoram,
957 653 1058 720 vicum
1079 654 1170 721 modo

100 759 184 828 haud
207 778 361 845 magnum,
385 767 419 825 ut
440 759 579 824 eodem
572 780 602 824 m
625 760 690 826 loce
713 759 943 837 adoraremuss
935 779 966 824 m
983 779 1044 845 quc
1067 759 1169 826 divina

13 957 14 962 ἵ
101 863 254 950 angelicae
268 863 466 934 nunciationis
478 864 622 941 misteria,
639 873 669 930 et
683 864 832 930 humanae
848 865 951 932 salutis
967 864 1049 930 initia
1062 883 1170 930 exorsa

102 978 196 1048 sunt3
218 989 352 1056 cumque
374 969 466 1035 mulis
489 969 672 1048 insidentes,
697 989 735 1034 ex
758 969 900 1035 latissima
922 969 1048 1054 planicie
1072 968 1170 1054 campi

12 1091 13 1108 ι
101 1073 252 1143 Esdralon
282 1075 350 1164 (in,
372 1096 433 1163 quo
457 1077 582 1144 militiae
606 1077 684 1165 regis
707 1078 979 1145 Nabucccdonosor
1001 1079 1171 1164 praefectus

12 1212 13 1246 ι
102 1180 285 1250 Holofernae
316 1203 333 1248 a
355 1182 474 1262 Iudith,
505 1185 668 1252 castissima
691 1184 779 1252 vidua
803 1185 898 1270 capite
920 1193 1074 1253 truncatus
1097 1183 1171 1269 est)

12 1271 13 1316 ³
102 1285 136 1352 in
158 1295 295 1354 montem
310 1288 370 1354 iam
386 1290 454 1356 laeti
469 1289 764 1357 conscenderemns:
787 1290 904 1358 Arabes
919 1290 989 1358 ltine
1004 1311 1058 1357 sex
1073 1291 1170 1358 ierme

102 1391 240 1460 millibus
269 1413 414 1479 passuum
444 1397 640 1464 castrametati
674 1403 777 1464 secus
793 1397 908 1464 radices
927 1397 1048 1463 montis
1070 1397 1171 1464 'labor

104 1497 163 1585 (in
186 1517 248 1584 quo
276 1499 426 1567 Dominus
456 1501 542 1568 lesus
572 1503 666 1588 gloria
696 1502 936 1588 splendidissima
966 1511 997 1569 et
1026 1501 1170 1580 coelesti,

104 1623 207 1670 coram
229 1603 350 1671 delectis
372 1609 511 1694 apostolis
534 1607 761 1695 transfiguratus
776 1607 843 1692 est)
864 1615 1170 1695 nosprospectantes,

106 1707 201 1776 effuso
223 1728 316 1775 cursu
339 1729 394 1795 per
417 1711 569 1778 subiectos
592 1731 714 1798 campos
737 1712 854 1798 equites
871 1712 950 1778 illico
964 1711 1169 1797 pervolarunt.

105 1812 163 1892 Qui
186 1812 322 1879 trucibus
344 1814 447 1892 oculis,
473 1814 571 1880 verbis
599 1815 777 1893 minacibus,
802 1814 883 1881 ierro
904 1815 992 1881 cincti
1015 1823 1045 1882 et
1067 1813 1172 1880 milita-

105 1918 191 1986 ribus
221 1917 312 1984 hastis
342 1919 468 1985 efferata
484 1940 538 1986 nos
558 1920 737 1987 crudelitate
768 1919 945 2007 pervadunt.
969 1920 1170 2006 Primumque

103 2024 199 2092 nostri
215 2023 329 2092 itineris
350 2026 527 2103 mulionem,
544 2025 673 2093 fustibus
689 2027 835 2092 acerrime
851 2025 988 2104 tondunt,
1004 2033 1171 2111 prostrant-

103 2147 165 2216 que
187 2127 324 2214 llagellis.
346 2129 439 2195 Nobis
462 2138 563 2195 autem
586 2139 616 2194 et
639 2129 780 2196 viaticum
814 2139 844 2196 et
878 2131 977 2196 mulos
999 2130 1170 2216 arripiunt,

104 2252 216 2320 meque
240 2234 411 2304 immaniter
433 2244 515 2301 veste
538 2235 706 2320 dispoliant,
730 2236 833 2320 pluvia
855 2245 921 2302 tum
944 2236 1099 2306 uberrime
1115 2235 1168 2302 de·

104 2339 237 2418 lluente,
260 2339 289 2406 vi
312 2339 480 2407 diutissime
503 2350 624 2407 cunctos
648 2341 783 2407 detinent
806 2343 1005 2428 mancipatos,
1037 2349 1171 2426 praesto-

104 2447 266 2532 lamurque
288 2454 322 2512 nt
344 2446 447 2512 ablatis
470 2447 530 2512 iam
553 2445 645 2513 rebus
672 2456 763 2532 atque
787 2447 939 2524 iumentis,
971 2448 1002 2512 in
1028 2464 1170 2531 campum

103 2572 160 2618 nos
194 2561 325 2618 castrave
359 2550 509 2618 deducant
532 2552 675 2618 contiuuo
698 2551 899 2618 trucidandos.
923 2551 964 2618 At
993 2550 1013 2617 ii
1044 2549 1171 2616 archana

103 2654 237 2742 qraadam
258 2675 291 2721 ae
313 2655 412 2721 divina
435 2655 546 2721 virtuto
571 2655 677 2721 mutati
700 2655 810 2732 auimo,
834 2662 952 2740 praeter
976 2652 1071 2719 viatici
1099 2661 1170 2739 por·

102 2759 219 2826 tionem
241 2761 450 2845 perulamque,
474 2768 589 2826 caetera
612 2758 698 2825 nobis
722 2759 884 2824 restituunt
905 2779 939 2824 ac
959 2758 1071 2824 liberos
1087 2757 1170 2824 abire

103 2865 293 2950 permittunt.
318 2865 429 2932 Omitto
452 2865 612 2952 quotiens,
638 2865 788 2951 quibusve
812 2866 842 2930 in
866 2865 938 2932 locis
961 2865 998 2930 ab
1022 2863 1170 2931 eiusmodi

104 2968 241 3036 barbaris
263 2968 364 3055 flagris
387 2988 492 3036 caesus
515 2988 593 3036 sum.
626 2970 702 3036 Nolo
716 2977 719 2982 ’
734 2969 885 3036 reminisci
915 2969 1041 3035 lustium
1071 2969 1170 3046 ictus,

105 3075 218 3162 quibus
241 3076 357 3142 lacertis
380 3075 498 3141 attritus
520 3075 660 3142 manibus
684 3076 802 3161 operari
818 3094 1008 3161 nequaquam
1024 3083 1170 3160 poteram,

105 3188 264 3266 praetereo
287 3180 461 3246 innumeras
491 3179 706 3258 contumelias,
738 3179 850 3266 quibus
872 3178 909 3244 ab
926 3178 968 3244 iis
991 3178 1171 3244 conviciatus

106 3305 198 3363 sum,
223 3293 253 3352 et
275 3284 449 3370 hujusmodi
473 3285 611 3370 reliqua,
636 3305 714 3371 quae
741 3304 920 3351 enumerare
951 3284 1071 3348 nullum
1101 3283 1171 3348 satis

106 3391 203 3457 otium
219 3391 360 3475 suppetit.
378 3390 540 3456 Caeterum
562 3399 672 3456 mutam
695 3391 821 3457 istarum
844 3389 978 3476 gentium
1001 3387 1171 3453 barbariem

108 3497 249 3573 dixerim,
273 3495 512 3582 praesertimque
535 3495 681 3574 Arabum,
705 3505 739 3562 ut
762 3495 819 3563 sub
841 3494 970 3561 bominis
993 3492 1089 3578 figura
1113 3492 1170 3557 im·

107 3603 281 3668 manitatem
303 3602 421 3668 belluae
444 3617 569 3687 gerant:
593 3621 684 3687 quam
700 3601 932 3668 christianorum
948 3619 1038 3666 nemo
1065 3599 1170 3686 Syriao

108 3710 155 3774 vel
171 3707 311 3794 Aegypti,
328 3708 376 3774 vel
391 3707 519 3774 Arabiae
542 3726 626 3776 oram
648 3708 871 3794 peragrandum
895 3707 943 3776 vix
963 3715 1074 3785 autem,
1092 3725 1170 3772 nun·

109 3831 202 3900 quam
225 3812 352 3882 evadere
375 3822 480 3900 potest.
