2932 4728
551 358 727 424 -tl-

97 553 179 626 elllei
202 553 330 624 diceres:
354 556 459 621 ordine
481 575 557 622 oeno
581 559 689 632 locunt,
710 557 820 636 parique
837 572 894 635 per
917 555 1033 618 dese-rto
1057 552 1172 637 diffusi,

97 668 422 748 Substernatur-noos
440 683 561 746 pronos
584 673 612 730 et
634 665 748 729 viscere
773 671 897 728 torrent.
1004 683 1009 691 ·

102 775 103 780 ’
190 774 370 837 ludovicus.
394 770 586 856 Voluptatem
609 769 692 854 capio
708 768 869 834 maximam
886 767 940 832 ista
956 767 1009 831 abs
1033 774 1061 831 te
1084 765 1173 841 scire,

97 877 156 944 sed
180 887 321 964 coeptum
345 880 402 945 lter
421 877 484 963 jam
507 877 747 964 progrediamus.

123 989 125 994 '
192 984 376 1052 Arosapen.
401 986 513 1051 Gazam
537 985 661 1069 egressi,
679 1004 738 1049 non
762 983 903 1049 contiuuo
926 981 1088 1046 heremum
1104 998 1174 1065 per·

96 1090 212 1178 gimus,
236 1091 291 1157 sed
315 1094 492 1159 Seelnebom
514 1091 651 1177 quinque
675 1089 843 1176 sejunctam
868 1088 1001 1154 millibus
1027 1105 1173 1172 passuum

95 1217 113 1262 a
136 1195 221 1261 Gaza
244 1197 380 1281 primum
408 1195 608 1272 offendimus,
640 1214 717 1281 quae
739 1194 791 1259 sui
814 1194 957 1279 parvitate
981 1193 1100 1258 villulae
1123 1191 1173 1256 vix

94 1318 213 1367 nomen
244 1301 366 1368 obtinet.
391 1305 521 1369 Tantum
543 1321 666 1387 quoque
689 1301 803 1366 itineris
826 1300 1049 1385 proficiscentes
1073 1298 1169 1362 casale

99 1411 240 1477 Cboolzo
262 1408 310 1493 (l)
337 1408 517 1475 invenimus.
533 1410 606 1475 Post
631 1408 688 1474 hoo
708 1407 882 1472 latissimam
899 1405 997 1490 campi
1014 1403 1170 1469 heremive

95 1513 250 1599 plancium
273 1513 352 1580 illico
375 1515 572 1601 ingredimur,
595 1525 628 1582 ut
650 1535 750 1601 neque
775 1514 901 1580 domurn
916 1514 1045 1599 uspiam,
1072 1529 1173 1596 neque

95 1617 240 1684 arborem
271 1618 364 1684 ullam
387 1630 578 1707 prospectes,
603 1619 657 1686 sed
680 1620 817 1706 undique
841 1619 958 1684 eaelum
983 1626 1013 1683 et
1037 1616 1173 1703 undique

95 1732 222 1788 terram.
247 1725 364 1792 Verum
387 1746 403 1790 a
426 1727 497 1791 viris
521 1726 714 1818 Christiania
735 1744 867 1811 quorum
891 1724 961 1790 satis
984 1723 1110 1788 firmum
1126 1730 1172 1787 te·

96 1826 276 1894 stimonium
300 1837 354 1906 est,
379 1849 519 1895 seorsum
541 1829 680 1912 millibus
703 1849 847 1915 passuum
871 1827 1096 1914 quadragintaa
1120 1827 1174 1892 Ga·

97 1952 153 1998 zae
175 1932 350 2018 munio-ipio,
374 1955 467 2021 super
482 1934 612 2002 Arabiae
628 1945 747 2002 montes
771 1935 877 2013 fertur,
895 1933 976 2020 quod
994 1933 1107 2003 Veneri
1123 1932 1173 1997 die

97 2049 190 2124 atque
205 2039 366 2118 dominico,
382 2041 506 2127 quidam
522 2043 628 2128 igneus
644 2042 743 2129 fulgor
759 2042 950 2128 candensque
974 2041 1078 2127 grandi
1103 2057 1172 2126 por·-

96 2153 180 2210 tento
202 2144 312 2230 iugiter
335 2158 484 2233 appareat.
509 2149 558 2234 (2)

187 2251 368 2317 ludovicos.
396 2253 605 2336 Reperiuutur
637 2273 675 2319 ne
708 2255 738 2320 in
769 2253 861 2339 hujus
890 2253 1011 2319 deserto
1043 2250 1173 2319 Arabiae

99 2355 271 2435 solitudine,
295 2367 451 2443 serpentes
473 2361 539 2436 atri,
562 2361 675 2446 quibus
697 2362 835 2428 ceruleae
863 2371 945 2446 terga
969 2368 1064 2436 notae,
1088 2377 1172 2422 arec·

98 2457 219 2547 lneque,
243 2472 274 2528 et
295 2464 404 2550 linguis
428 2465 614 2532 vibrantibus
636 2467 722 2532 sibila
749 2487 801 2532 ora
824 2465 1018 2533 lambentes?

188 2568 371 2636 Alexander.
395 2573 429 2638 lu
445 2570 552 2637 abditis
576 2572 688 2638 deserti
709 2573 781 2637 loeis
805 2572 962 2656 antrisque
979 2592 995 2636 a
1013 2571 1058 2636 via
1074 2590 1174 2636 mean·

95 2674 177 2740 tium
193 2676 281 2761 longe
297 2677 429 2754 semotis,
446 2677 590 2744 dracones
606 2677 755 2763 ejusmodi
772 2695 862 2761 saepe
877 2696 1008 2742 numero
1024 2679 1171 2761 comperti

97 2782 338 2858 suntlreones,
362 2783 589 2869 Leopardique,
614 2783 821 2849 struetienuur
853 2782 975 2868 vestigia
991 2781 1108 2868 'passim
1133 2781 1175 2848 ol·

97 2885 266 2964 sendimus,
290 2897 320 2953 et
344 2890 480 2956 vultures
510 2910 602 2976 quam
626 2890 795 2976 plurimos,
819 2890 1007 2956 camelorum
1030 2888 1172 2956 cadavera

113 3047 311 3065 m

97 3135 108 3191 j
126 3120 224 3178 boschi
242 3139 292 3180 oon
312 3141 394 3197 paaaa
417 3126 592 3200 prodigalltt,
610 3129 638 3185 la
663 3137 735 3186 terra
759 3130 887 3197 asointta,
905 3149 921 3189 a
942 3129 1092 3201 screpolan
1110 3143 1171 3202 pro-

98 3207 170 3267 duee
186 3211 306 3270 soltanto
323 3215 423 3288 sterpl‚
442 3224 534 3289 presto
552 3216 681 3275 eradicati
698 3218 763 3276 dall’
775 3218 858 3277 avida
876 3233 956 3275 mano
973 3217 1035 3275 dell'
1048 3233 1137 3286 uomo,
1155 3231 1172 3273 o

96 3297 199 3399 piepati
217 3316 232 3357 e
249 3302 314 3359 rotti
331 3302 377 3360 dai
396 3304 480 3375 venti,
502 3305 649 3379 impetuosi
666 3307 734 3365 sulla
752 3307 825 3365 uude
842 3315 986 3379 montanae
1004 3305 1100 3362 euelle
1112 3321 1173 3362 rase

96 3402 230 3461 prauum.

169 3477 210 3548 (l)
235 3477 248 3533 l
272 3477 431 3553 viaggiatori
456 3482 629 3544 Freseobaldi
655 3499 671 3540 e
694 3483 777 3557 Sigoli
811 3483 887 3541 all
912 3482 1005 3556 miglis
1038 3481 1074 3539 da
1099 3480 1173 3538 Gaza
1298 3532 1299 3538 ,

96 3573 246 3624 novamne
270 3567 407 3642 Abutigia,
429 3587 447 3628 o
470 3572 582 3645 Butingi
605 3572 708 3646 ploeolo
730 3572 826 3645 borgo.
845 3571 1002 3630 &mortum
1020 3588 1034 3628 r
1054 3569 1172 3629 ctaalro

96 3655 213 3715 esseurlo
231 3657 327 3731 pleeoli
344 3662 454 3720 oasalie
472 3664 574 3721 larilia
594 3664 776 3737 distruggersl
789 3665 818 3720 in
831 3679 911 3737 paese
929 3663 956 3720 di
969 3663 1171 3722 mutabilissiml

95 3742 272 3810 dominatori,
290 3760 345 3804 nou
363 3748 382 3804 ll
395 3748 432 3806 bo
445 3750 532 3822 potati
545 3766 663 3824 provere
673 3766 707 3808 su
724 3764 845 3808 uersum
856 3757 931 3808 oarta
943 3749 1013 3808 della
1025 3751 1172 3808 Palestinn.

169 3833 210 3904 (ἲ)
228 3835 313 3892 Forte
337 3846 434 3910 questo
459 3842 474 3898 e
499 3842 668 3914 melampo
692 3839 891 3913 crepusrolare..
907 3840 956 3898 obe
980 3839 1075 3899 derisa
1100 3839 1173 3898 dalla

96 3919 193 3980 siccin
213 3919 255 3982 del
273 3923 361 3982 suolo.
