2970 4730
751 353 925 418 ..120-

303 528 365 595 sibi·
390 529 490 594 devias
513 548 569 614 per
592 527 742 594 anfractus
765 536 794 592 et
817 525 988 612 praecipitia
1015 524 1221 594 condiderunt.
1245 528 1368 614 Quippe
1466 559 1467 574 κ

304 653 360 720 per
382 635 577 720 ignorantiam
600 650 704 698 rerum
727 630 906 707 divinarum,
931 639 991 695 tam
1015 629 1087 695 varii
1102 630 1268 716 incertique
1283 642 1367 723 sunt,

301 750 336 807 ut
357 739 415 806 sibi
438 760 526 825 saepe
557 739 702 805 contraria
734 737 902 814 disserant,
934 745 965 803 et
994 737 1077 822 quod
1108 737 1251 815 sentiant,
1282 737 1370 830 quod
1414 723 1417 730 ¹

301 847 409 923 velint,
433 846 655 911 satisstatuere
679 862 712 909 ac
735 843 889 908 diudicarc
912 862 971 908 non
995 843 1101 928 possis.
1125 845 1227 908 Deum
1256 843 1368 930 rejecta

300 955 367 1019 luce
391 952 530 1018 scientiae
558 950 802 1036 ignorantiaeque
826 957 864 1013 et
894 967 1041 1014 errorum
1066 948 1205 1014 tenebras
1234 949 1368 1033 amplexi
1466 969 1467 1012 1

300 1069 379 1140 sunt,
404 1057 586 1126 Testamenti
609 1057 769 1141 utriusque
793 1056 934 1140 paginas,
959 1054 1135 1140 divinasque
1159 1055 1269 1120 litteras
1298 1075 1367 1120 cor-

298 1172 484 1248 rumpentes,
508 1182 583 1229 nova
605 1162 741 1247 dogmata
765 1163 830 1228 sine
852 1162 913 1227 ulla
938 1160 1037 1228 radice
1061 1161 1109 1226 vel
1133 1161 1287 1249 stabilitate
1307 1161 1367 1254 sibi
1466 1243 1467 1256 ἶ

298 1269 433 1354 metipsis
464 1287 673 1353 composuere.
698 1267 877 1333 Christianis
908 1267 1091 1333 ascribentes
1122 1240 1281 1354 Evangelia
1312 1267 1367 1332 de·

297 1393 452 1459 pravasse,
477 1394 553 1460 quos
576 1373 709 1458 prolecto
730 1381 844 1438 constat
867 1391 971 1438 veram
993 1372 1174 1438 coelestium
1197 1372 1367 1438 litterarum

297 1479 463 1546 doctrinam
485 1499 609 1566 semper
631 1491 758 1548 sectatos
781 1501 861 1546 esse.
1466 1469 1467 1472 ¹

385 1589 564 1652 bodonicus.
587 1587 706 1654 Habent
728 1606 766 1652 ne
790 1585 887 1655 Mauri
913 1585 1055 1666 homines
1085 1586 1244 1653 arctiorem
1274 1587 1366 1653 vitam
1466 1649 1467 1662 ,

297 1691 472 1777 profitentes
494 1711 586 1779 quam
609 1694 698 1779 vulgo
720 1700 818 1778 agant,
843 1691 936 1758 veluti
958 1691 1039 1776 apud
1061 1712 1117 1757 nos
1140 1693 1272 1779 religiosi
1295 1693 1364 1771 viri,

298 1800 351 1885 qui
381 1800 535 1885 Evangelii
568 1800 690 1877 consilia
723 1798 948 1886 quamperlecte
982 1797 1205 1886 observaturos
1226 1807 1294 1865 voto
1333 1788 1389 1864 se¹

298 1904 527 1990 constringant?
1022 1929 1023 1936 ¹
1208 1951 1211 1956 -

301 2031 302 2036 ’
382 2009 564 2077 Alexander.
588 2013 715 2078 Remota
737 2009 787 2075 dei
816 2029 887 2076 vera
918 2008 1060 2093 religione
1092 2007 1276 2092 coelestique
1311 2006 1365 2073 do·

297 2113 401 2191 ctrina,
426 2115 525 2180 omnia
547 2114 703 2180 erroribus
726 2116 813 2200 plena
837 2132 903 2181 esse
926 2133 1050 2180 necesse
1074 2123 1128 2190 est,
1145 2121 1180 2179 ut
1200 2113 1365 2179 vanissima

296 2219 450 2304 religionis
475 2220 681 2285 observatione
712 2223 891 2288 Maurorum
920 2229 1024 2306 aperte
1055 2217 1252 2304 dilucideque·
1277 2238 1364 2292 mon·

283 2334 418 2392 stratur.
442 2324 561 2391 Habent
590 2323 755 2412 siquidem·
769 2326 887 2405 Mauri,
920 2325 1031 2392 diversi
1060 2323 1180 2411 generis
1210 2325 1365 2409 religiosos

282 2430 437 2498 ¹homines·
459 2429 526 2517 (l),
550 2431 603 2517 qui
637 2431 775 2497 videlicet
798 2440 828 2497 et
849 2431 995 2517 gregatim
1018 2429 1130 2516 degunt
1153 2438 1182 2494 et
1204 2429 1279 2508 soli,
1304 2449 1364 2497 non

298 2545 399 2603 tamen
421 2537 453 2603 in
475 2537 602 2604 desertis
617 2537 700 2616 locis,
717 2538 772 2603 sed
794 2537 825 2602 in
849 2537 986 2615 urbibus,
1011 2546 1041 2602 et
1064 2556 1123 2602 uno
1146 2555 1254 2603 omnes
1283 2555 1365 2628 voea7

297 2643 371 2710 bulo
386 2645 509 2712 Sonctm
530 2645 689 2730 appellant.
712 2644 771 2724 Qui
794 2644 884 2729 vulgo
907 2643 950 2709 sic
972 2642 1092 2708 discreti
1114 2650 1194 2726 sunt,
1218 2641 1301 2727 quod
1324 2641 1366 2706 in·

299 2757 385 2815 tonso
407 2749 513 2834 capillo
536 2759 566 2816 et
588 2749 691 2816 abrasa
714 2749 806 2816 barba
828 2747 979 2816 incedunt.
1004 2748 1180 2814 Saeculares
1203 2766 1276 2812 uero
1299 2767 1365 2812 con·

299 2854 392 2920 trario
426 2873 533 2932 more,
553 2854 712 2940 capitibus
745 2855 820 2922 rasis
855 2864 946 2920 etex
968 2855 1046 2920 culta
1076 2852 1177 2918 barba.
1195 2852 1364 2920 -Caeterum

298 2967 410 3044 ¹quanta
432 2957 451 3042 ij
476 2959 607 3044 polleant
630 2959 768 3026 societate
790 2979 824 3025 ac
846 2959 1025 3045 praesertim
1048 2957 1130 3044 quod
1153 2957 1208 3024 soli
1239 2957 1363 3036 visunt,

299 3072 439 3150 quosque
460 3064 557 3132 Mauri
579 3065 660 3150 apud
681 3085 715 3131 se
737 3065 861 3131 caeteris
883 3064 1044 3130 sanctiores
1060 3071 1173 3149 putant,
1190 3062 1311 3129 duobus
1327 3081 1364 3130 ex

299 3167 337 3234 iis
360 3169 517 3254 exemplis,
540 3187 618 3254 qnae
641 3168 717 3234 meis
739 3169 834 3235 oculis
855 3168 1013 3254 aspectavi,
1037 3166 1276 3234 luculentissime
1300 3186 1364 3252 per·

280 3274 432 3340 bibetur.
460 3276 563 3354 Quum
593 3274 674 3364 enim
705 3275 853 3360 superiori
884 3283 1018 3360 tempore
1049 3292 1087 3340 ex
1116 3272 1215 3340 Rhodi
1245 3272 1361 3352 insula,

300 3379 524 3459 Alexandriam,
551 3379 681 3466 Aegypti
703 3381 822 3460 urbem,
845 3380 1052 3466 enavigassem
1076 3379 1221 3466 (tametsi
1251 3379 1362 3465 ingenti

300 3495 478 3572 tempestate
500 3486 530 3553 id
553 3496 653 3556 actum
675 3487 722 3568 sit,
745 3488 859 3576 quippe
881 3488 935 3576 qui
964 3488 1039 3554 velis
1069 3487 1170 3556 missis
1199 3486 1361 3574 lugebam,

311 3647 505 3665 —n—

372 3743 411 3812 (lt
430 3741 502 3798 Sono
528 3741 616 3816 questi
642 3742 798 3814 iSautoui,
817 3744 911 3818 panzi,
913 3725 1098 3817 ofingentisi
1124 3734 1179 3810 toli,
1198 3741 1248 3798 cbo
1264 3739 1363 3798 orbano

302 3827 339 3902 gli
357 3829 490 3902 Europei,
509 3831 681 3888 aconcitauo
705 3833 763 3890 loro
787 3833 907 3892 controi
929 3833 1021 3906 volgbi
1044 3830 1231 3904 musulmani,
1241 3828 1362 3954 pressoi

279 3931 282 3934 ·
301 3917 377 3990 quali
394 3932 461 3976 sono
478 3919 506 3975 in
525 3919 625 3992 grande
643 3921 829 3982 veneracione
