2970 4730
600 349 776 415 ..75-

153 524 249 609 gatis,
270 522 461 610 'duabusque
493 525 599 611 ligneis
634 528 728 604 rotis,
760 529 869 612 aequas
899 525 1049 596 indefesso
1079 531 1220 598 hauriunt

148 629 267 694 labore.
293 629 371 694 Cum
394 629 429 695 ad
454 630 572 697 vineam
596 631 778 716 opobalsami
802 632 993 717 irrigandam,
1019 644 1083 700 tnm
1107 638 1142 702 ad
1167 657 1218 702 ex·

153 733 324 801 hibendum
347 733 519 802 hominibus
544 745 658 820 potum.
676 736 765 802 Solus
785 733 894 820 nempe
911 737 941 800 in
965 741 1046 804 omni
1071 740 1218 828 Aegypto,

151 843 219 908 lons
244 843 292 908 blo
315 844 419 909 dulces
450 846 685 931 perspicuasque
709 853 826 910 emanat
852 865 978 930 aequas,
1011 867 1085 932 quas
1108 849 1220 914 coeteri

152 947 250 1014 lentes
275 949 442 1035 sulphureo
465 951 513 1020 rel
538 951 615 1015 salso
639 969 744 1034 sapore
768 949 921 1014 immixtas
943 951 1091 1017 emittunt.
1116 952 1163 1038 (l)

242 1056 424 1128 Ludooicus.
450 1057 506 1120 Tot
530 1064 667 1140 tantaque
698 1053 821 1120 balsami
845 1063 875 1120 et
898 1055 1081 1140 opobalsami
1104 1059 1220 1126 virtutis

152 1162 324 1247 praeclarae
354 1161 479 1245 insignia
503 1161 667 1237 feruntur,
700 1170 733 1226 ut
755 1181 836 1226 nnnc
865 1161 1012 1247 majorem
1042 1164 1072 1228 in
1095 1165 1221 1231 modum

151 1269 271 1352 cupiam
296 1267 348 1332 abs
371 1277 401 1332 te
417 1268 504 1334 scire.
529 1269 606 1335 Vitis
623 1266 713 1352 hujus
732 1276 783 1332 ant
799 1268 930 1352 speciem
954 1269 1024 1354 ligni
1049 1281 1221 1336 manantem

144 1375 314 1459 liquorem,
338 1393 398 1459 qno
423 1374 523 1450 modo,
549 1394 609 1459 quo
634 1383 769 1458 tempore
793 1373 908 1458 legant,
932 1374 1018 1460 cujus
1042 1377 1149 1443 coloris
1172 1379 1218 1454 sit,

149 1490 200 1546 ant
235 1500 368 1566 qnarnm
403 1501 508 1546 rernm
540 1480 730 1546 immixtione
762 1479 948 1557 adulterent,
980 1501 1041 1566 qno
1064 1483 1218 1568 periculo,

149 1605 259 1651 rernm
282 1607 299 1650 a
322 1585 395 1650 falso
418 1585 534 1650 secerni
559 1584 661 1670 possit,
684 1584 754 1660 vim,
778 1583 982 1670 virtutemque
1006 1587 1112 1671 phisici
1135 1589 1220 1654 nobis

149 1691 345 1757 multifariam
369 1691 540 1777 prodidere.
566 1690 613 1778 (2)
1301 1689 1303 1696 '

238 1797 421 1864 Alexander.
457 1798 651 1883 singularem
686 1797 930 1884 praeclaramque
954 1798 1081 1886 Aegypti
1114 1821 1219 1879 oram,

149 1903 222 1970 baec
245 1905 430 1989 opobalsami
454 1905 549 1980 vinea,
567 1903 764 1968 arbustumve
780 1921 861 1970 nuno
884 1905 992 1972 reddit.
1017 1907 1147 1974 Tametsi
1162 1907 1221 1974 bal·

149 2031 269 2076 sarnum
294 2011 346 2076 nni
370 2011 451 2077 orbis
482 2021 655 2086 terrarum,
686 2010 800 2077 Jndeae
824 2011 976 2094 quondam
1003 2032 1181 2082 conoessum
1203 2036 1220 2080 a

149 2119 214 2184 Deo
237 2118 345 2183 luerat.
370 2117 475 2203 Cujus
489 2117 667 2182 arbusculae
691 2116 853 2202 proceritas
877 2117 908 2182 in
933 2119 1009 2184 trina
1032 2119 1130 2188 cubita
1153 2121 1222 2187 snb

148 2225 233 2289 sistit.
259 2226 363 2308 anue
387 2233 487 2309 myrto
511 2224 639 2288 crassior
663 2243 829 2309 parumper
854 2223 922 2290 folia
944 2225 1112 2304 conferens,
1136 2226 1220 2294 bussi

147 2330 309 2395 lrondibns
333 2330 494 2406 simillima,
520 2349 597 2414 qnae
614 2328 691 2415 Majo
708 2350 824 2406 mense,
848 2331 932 2407 vitro,
957 2331 1065 2417 lapide,
1089 2333 1220 2400 osseisve

147 2436 279 2501 cultellis
315 2436 471 2501 scinditur.
507 2435 626 2520 Quippe
661 2435 743 2502 forro
778 2436 856 2500 laesa
890 2437 1027 2521 protinus
1062 2439 1219 2504 emoritur.

147 2546 310 2629 Quamque
334 2563 390 2608 nec
414 2543 573 2608 incidentis
593 2563 700 2608 manus
726 2542 801 2607 ultra
824 2543 966 2607 corticem
988 2543 1088 2620 violet,
1112 2565 1220 2611 succus

148 2671 165 2716 e
189 2652 276 2736 plaga
300 2659 410 2726 manat,
428 2669 521 2734 quem
538 2649 765 2734 opobalsamum
782 2647 919 2713 dicimus.
937 2648 1072 2713 Eximiae
1094 2651 1220 2735 quidem

147 2757 311 2832 suavitatis,
336 2756 478 2822 collectus
496 2777 572 2821 novo
589 2755 670 2820 fictili
694 2753 840 2830 conditur,
864 2753 1001 2818 crassiori
1024 2755 1130 2820 similis
1154 2757 1220 2822 oleo

146 2863 201 2949 qui
226 2871 256 2927 et
279 2862 304 2927 si
327 2862 359 2927 in
381 2872 483 2927 musto
514 2861 658 2928 candidus
682 2861 740 2936 sit,
773 2859 905 2925 rubescit
928 2869 1036 2925 tamen·
1053 2871 1156 2946 postea
1179 2864 1219 2929 si·

145 2970 276 3058 mulque
300 2968 456 3044 decrescit,
481 2977 511 3033 et
532 2967 737 3032 translucidus
760 2975 814 3031 est.
832 2967 906 3032 Eius
931 2987 1001 3032 vero
1017 2966 1152 3053 probatio
1176 2979 1221 3036 est

145 3085 180 3140 nt
203 3075 244 3139 sit
265 3074 394 3159 pinguis
418 3074 528 3151 tennis,
553 3095 586 3139 ac
611 3074 727 3139 modice
751 3073 866 3150 rullus,
891 3082 921 3139 et
944 3074 973 3138 in
996 3073 1129 3142 fricando
1153 3076 1221 3142 odo.

147 3189 239 3246 ratus.
264 3178 356 3264 Pejus
380 3187 426 3244 est
449 3178 500 3244 nbi
523 3178 616 3244 luerit
646 3177 741 3243 viride
772 3197 979 3263 crassumque,
1003 3181 1170 3264 pessimum
1194 3183 1219 3248 si

141 3285 281 3370 nigrum.
305 3284 485 3350 Adulterant
506 3293 608 3349 autem
624 3283 748 3348 seminis
764 3301 864 3361 socco,
885 3284 967 3368 qnod
990 3285 1039 3349 vix
1054 3285 1219 3371 depreben-

144 3482 347 3500 ,-

137 3639 141 3648 ,
219 3575 259 3645 (l)
288 3574 390 3642 Questo
407 3573 495 3647 luogo
524 3575 539 3631 e
565 3589 664 3632 ancora
690 3574 938 3648 frequentatissimo
965 3576 1010 3634 dai
1036 3576 1116 3636 fedeli
1142 3585 1218 3638 tanto

144 3663 226 3736 Copti
246 3674 350 3736 quanto
373 3662 483 3720 Gracia
503 3663 601 3721 Latini.

219 3751 259 3822 (2)
282 3753 318 3807 be
337 3752 475 3824 propriata
493 3752 645 3812 medicinali
659 3752 700 3810 del
720 3767 800 3810 succo
812 3752 840 3809 di
852 3761 949 3827 questa
966 3755 1061 3828 planta
1079 3774 1146 3816 sono
1163 3775 1220 3818 cer·

147 3845 268 3896 tumente
286 3848 430 3911 cooperate
449 3839 480 3895 la
493 3839 663 3912 farmacopea
681 3839 724 3896 dei
738 3840 823 3900 nostri
841 3841 928 3913 giomi
942 3843 968 3899 lo
980 3841 1097 3918 adopera
1114 3863 1221 3964 appena

152 3942 230 3983 come
248 3942 304 3984 nno
322 3926 391 3998 degli
410 3927 571 4000 ingredienti
590 3928 659 3986 della
677 3927 785 4000 teriaca,
1226 3935 1231 3944 '
