2932 4728
576 355 751 422 ..25-

123 533 215 602 tionis
230 532 304 602 ,iter
322 553 361 613 en
385 531 519 601 Venetiis
542 532 580 604 ad
603 533 695 618 Synai
718 543 862 602 montem.
880 535 938 603 Ubi
962 545 1003 602 tot
1018 537 1193 620 coelestium

121 641 337 709 misteriorum
360 638 485 723 insignia
507 647 589 724 gesta
605 649 685 717 sunt,
701 662 790 708 aures
816 643 1014 727 animumque
1036 642 1194 729 diligenter

119 748 356 814 admoveamus,
380 746 445 824 Qua
468 745 499 809 in
523 764 566 822 re,
591 745 752 825 Ludovice,
770 756 799 812 te
822 768 882 812 non
906 747 1005 814 solum
1029 767 1088 814 non
1112 750 1193 834 igna-

127 855 203 922 viter
227 863 431 941 percontante,
448 853 502 920 sed
517 853 555 920 de
572 855 719 934 moribus,
736 856 887 934 institutis,
905 856 1006 934 rebus,
1023 857 1194 944 opibusque

120 965 318 1039 llaurorum,
335 961 542 1047 presbyterive
557 962 699 1028 Iohannis
719 963 809 1050 Regis
825 962 971 1030 Indorum
994 964 1080 1049 plura
1104 963 1193 1046 etiam

126 1081 264 1140 accurate
287 1081 504 1157 perscrutante,
521 1091 634 1159 meque
650 1073 799 1158 pariterve
815 1073 1025 1159 respondente,
1043 1074 1194 1167 dialogum

127 1202 186 1248 una
209 1178 406 1256 confecimus,
430 1198 522 1265 quem
546 1199 637 1266 quam
661 1179 843 1246 lubentisme
867 1181 981 1247 nomini
1003 1191 1056 1248 tuo
1078 1181 1193 1260 dicavi,

125 1296 424 1372 monumentumque
455 1296 485 1352 et
507 1287 617 1372 pignus
647 1289 769 1355 amoris.
794 1289 828 1354 ln
852 1307 913 1374 quo
938 1299 966 1354 te
989 1288 1096 1356 mihi...
1126 1309 1193 1374 gra·

127 1393 251 1468 tulantc,
276 1411 374 1478 quum
394 1401 488 1458 tantos
504 1399 572 1477 post
586 1391 746 1460 diuturnos
762 1393 889 1472 labores,
906 1413 1019 1478 sospes,
1037 1394 1193 1480 laetusque

121 1497 256 1565 redieris
279 1497 339 1563 iam
362 1497 492 1563 audiam.

501 1725 826 1776 —Qv—

214 1923 263 1988 De
287 1923 376 1988 Sacra
392 1922 630 2008 peregrinatione
651 1920 687 1988 ad
705 1923 842 1989 Sanctam
867 1921 1057 1991 Clnaterinam
1082 1927 1192 1992 montis

125 2029 223 2116 Synai.
243 2028 344 2114 deque
373 2030 563 2096 Maurorum·
581 2027 739 2106 moribus,
763 2028 906 2096 institutis
928 2029 1099 2117 opibusque
1123 2034 1192 2100 Pre-

124 2135 232 2201 sbiteri
255 2132 396 2201 Iohannis
427 2133 517 2217 Regis
548 2131 715 2210 Indorum,
739 2134 853 2200 Fratris
885 2134 1049 2210 Alexandri
1080 2136 1190 2212 Ariosti

120 2242 244 2308 ordinis
269 2242 431 2317 llinorum,
456 2240 590 2325 dialogus
613 2239 724 2325 incipit.

100 2390 102 2393 -
193 2349 394 2414 -Ludooicuc
419 2348 462 2413 l'e
491 2348 576 2434 longa
608 2344 772 2412 admodum
802 2347 988 2432 profectione
1020 2349 1191 2428 marittima,

117 2455 231 2520 *mulis
254 2454 366 2520 scilicet
388 2453 497 2520 relerta
528 2453 671 2540 periculis
693 2452 728 2519 ad
754 2454 867 2519 ltaliam
898 2454 1073 2521 adventasse
1100 2476 1192 2542 quam

124 2561 221 2627 laetus
244 2561 344 2646 accepi
358 2561 452 2627 lSed
475 2581 555 2628 nunc
571 2569 599 2627 te
616 2579 718 2626 coram
741 2568 878 2625 ovantem
902 2579 972 2626 cum
994 2561 1121 2640 intuear,
1145 2563 1190 2628 in·

122 2667 264 2734 credibili
289 2667 433 2754 equidem
455 2669 563 2754 gaudio
586 2667 720 2752 expleor,
745 2683 842 2751 quum
865 2675 894 2730 te
920 2666 1012 2733 veluti
1035 2667 1190 2746 reducem,

119 2784 254 2844 tumen
279 2775 371 2840 maris
397 2774 561 2853 lluctibus,
585 2782 651 2839 tum
674 2775 851 2861 Maurorum
875 2771 990 2838 insidiis
1013 2773 1190 2859 excipimus.

122 2917 125 2923 ·
214 2881 399 2948 Alexander.
416 2883 481 2948 lloc
494 2880 693 2968 praecipuum
716 2898 838 2964 semper
854 2887 884 2952 et
899 2878 1024 2966 dignun
1046 2879 1190 2947 amicitiae

123 3008 242 3055 munus
258 2988 463 3073 praedicatum
479 2998 534 3066 est,
552 2996 586 3056 ut
601 2986 742 3054 secundis
757 2986 789 3053 in
805 2986 897 3052 rebus
912 2987 1080 3052 amicorum
1095 3007 1190 3073 aeque

123 3114 159 3160 ac
182 3093 294 3159 nostris
309 3093 507 3171 delectemur,
524 3093 842 3180 congratulemurque.
863 3092 925 3159 Sed
940 3090 980 3170 id,
997 3113 1088 3179 quam
1104 3094 1190 3180 longe

123 3200 221 3285 magis
243 3219 336 3265 suave
359 3210 413 3277 est,
429 3200 681 3285 praestantissime
698 3199 859 3277 Ludovice,
877 3199 928 3265 ubi
951 3199 1096 3265 amicitiae
1119 3221 1190 3266 con·

119 3306 330 3394 junctissimae
353 3327 475 3392 quoque
492 3307 721 3394 propinquitatis
743 3307 900 3374 accesserit
922 3306 1124 3373 necessitudol
1147 3309 1191 3374 Ea

124 3412 353 3497 videlicet'quo
384 3410 459 3477 mihi
489 3421 591 3478 tecum
622 3421 676 3476 est.
708 3410 935 3496 compatrueles
958 3431 974 3474 a
998 3411 1101 3495 pueris
1131 3432 1190 3477 una

116 3517 245 3584 educati
259 3537 397 3593 ,sumus,
430 3537 490 3583 una
512 3515 633 3592 ivimus,
656 3513 782 3590 aedibus
804 3533 926 3599 semper
948 3513 1106 3596 affuimus,
1131 3537 1190 3602 una

122 3625 292 3690 litterarum
316 3623 422 3689 studiis
437 3642 564 3710 operam
577 3621 728 3699 dedimus,
746 3621 864 3706 vitaque
880 3630 910 3686 et
932 3620 1027 3688 victus
1050 3623 1189 3690 comunis

122 3731 202 3809 luit,
234 3731 366 3809 consilia,
394 3750 571 3809 sermones,
603 3727 892 3814 colluctationesque.
925 3728 1059 3814 Ingenita
1090 3730 1190 3817 itaque

90 3914 94 3920 ¹
121 3837 267 3904 nobisac
291 3837 441 3922 reciproca
464 3835 601 3914 charitas,
626 3843 733 3901 mutuo
756 3853 810 3900 nos
833 3834 1057 3920 profusiorique
1081 3837 1189 3922 gaudio

121 3942 260 4010 contueri
284 3943 411 4008 invicem
431 3941 519 4027 jubet
541 3951 629 4026 atque
660 3939 822 4025 compellit.
847 3941 913 4021 Deo
941 3950 1042 4006 antona
1064 3962 1081 4007 a
1104 3941 1190 4006 nobis
