2932 4728
555 332 732 398 -49-

107 511 165 590 Qui
181 509 328 594 profugus
345 508 374 573 in
391 505 487 594 hujus
498 517 595 576 terrae
611 520 695 596 parto
711 509 856 588 consedit,
877 515 954 595 duan
970 531 1051 576 nunc
1066 510 1177 577 brabia

107 626 311 700 nuncupatur.

195 726 374 789 bodonicus.
398 725 499 802 Quum
522 723 576 789 bos
593 721 708 790 Arabes
724 743 838 789 asseras
858 732 976 789 montes
999 724 1175 802 inhabitare,

106 849 182 896 num
205 830 311 894 saltem
335 829 391 913 ipsi
421 828 559 914 frugibus
590 829 702 896 feraces
726 838 806 907 sunt,
830 831 878 894 vel
909 829 993 896 laetis
1016 830 1179 896 arboribus·

107 934 238 1009 fecundi,
263 932 375 1019 quibus
399 932 417 1018 ij
443 934 533 999 vitam
556 933 688 1018 degant?

195 1042 379 1108 Alecondcr.
403 1040 492 1106 Nulla
522 1040 656 1124 prolecto
687 1040 841 1107 fructuum
876 1041 1063 1119 fecunditas,
1095 1041 1177 1106 nulla

108 1159 270 1233 pomorum
295 1146 377 1228 copia
402 1165 468 1210 esse
492 1155 611 1230 potest,
643 1148 695 1213 ubi
719 1149 767 1213 siti
790 1148 904 1214 aridam
931 1150 1071 1214 tellurem
1097 1149 1178 1214 nulla

107 1251 285 1337 hymbrium
309 1250 410 1334 irrigat
434 1249 542 1333 pluvia,
559 1250 661 1316 nullus
678 1250 893 1318 exsudantibus
910 1253 994 1318 venis
1006 1252 1072 1318 lons
1095 1272 1176 1318 ema·

108 1368 166 1424 nat.
190 1358 250 1424 Ubi
273 1357 439 1422 acrioribus
463 1356 533 1422 solis
563 1357 723 1424 ardoribus
754 1358 836 1424 saxei
870 1368 987 1424 montes
1023 1359 1176 1442 praerupti

107 1477 137 1534 et
161 1466 319 1550 subnigri,
350 1487 383 1530 ac
408 1465 498 1531 veluti
520 1465 634 1531 Averni
666 1466 786 1551 ignibus
810 1466 886 1542 usti,
918 1474 951 1530 ut
974 1464 1017 1529 sic
1047 1464 1177 1530 dixerim

108 1572 276 1637 videantur.
310 1569 442 1635 Proinde
465 1579 495 1634 et
518 1569 593 1636 istuc
617 1569 733 1635 Arabes
769 1570 954 1646 incolentes,
979 1588 1111 1656 quornm
1146 1568 1177 1634 in

108 1679 190 1745 nulla
213 1678 352 1743 moribus
376 1677 541 1762 disciplina,
566 1679 648 1743 nulla
670 1677 700 1743 iu
725 1677 818 1744 deum
841 1678 953 1763 pietas,
985 1678 1066 1742 nulla
1090 1676 1176 1744 fides.

108 1786 230 1871 Quique
253 1784 390 1849 omniurn
414 1783 571 1850 bominum
597 1783 762 1849 saevissimi
790 1784 899 1861 hostes,
925 1783 1176 1870 publicarumque

108 1892 226 1956 viarum
250 1899 427 1955 crassatores
451 1890 707 1956 truculentissimi.
732 1891 821 1955 Lacte
845 1900 945 1955 tamen
969 1899 998 1955 et
1020 1909 1109 1955 carne
1133 1889 1177 1954 vi-

106 2000 211 2066 ctitant
233 1999 440 2076 camelorum,
472 2019 564 2085 acqua
589 2001 635 2065 vel
666 2000 802 2084 polenta,
834 1998 880 2062 vel
911 1995 1117 2062 subcinericiis
1140 2015 1178 2060 ex

105 2107 205 2172 tritico
228 2106 390 2190 Egyptiaco
415 2107 551 2191 panibus.
576 2106 622 2192 (l)

197 2214 378 2277 bodonicus.
403 2212 469 2277 Non
493 2211 633 2296 putabam
664 2212 719 2278 bae
743 2220 918 2296 tempestate
941 2220 1062 2295 gentem
1085 2208 1178 2274 ullam

107 2328 169 2384 tam
193 2317 299 2393 leram,
324 2327 384 2383 tam
406 2327 564 2403 agrestem,
597 2338 674 2404 quae
698 2319 745 2383 vel
776 2338 835 2384 non
859 2317 952 2384 deum
975 2317 1107 2392 coleret,
1131 2314 1178 2378 vol

105 2423 267 2510 cujusdam
291 2423 339 2488 dei
363 2424 463 2509 opinio
487 2444 545 2491 non
571 2425 738 2491 imbuisset.

197 2529 379 2597 Alexander.
404 2530 456 2597 lsti
480 2549 605 2614 prorsus
629 2530 718 2595 vitam
749 2528 901 2614 pecudum
924 2527 982 2592 sub
1006 2527 1100 2612 figura
1124 2524 1177 2591 bo·

106 2635 199 2700 minis
223 2634 384 2711 imitantes,
400 2654 455 2700 nec
479 2635 616 2700 caelestia
637 2643 742 2700 curant
758 2653 813 2698 nec
836 2632 938 2704 deum.
963 2651 1060 2717 quum
1084 2630 1179 2695 Cbam

105 2741 168 2806 sint
193 2740 368 2824 progenies,
393 2759 469 2824 quae
494 2739 591 2823 prima
615 2738 706 2804 deum
730 2737 884 2823 ignoravit.
909 2739 1073 2820 Quumque
1096 2734 1178 2818 prin·

104 2867 181 2933 ceps
205 2847 271 2913 eius
294 2855 323 2912 et
345 2846 481 2912 conditor
512 2846 631 2911 cultum
656 2845 706 2910 dei
730 2865 789 2910 non
812 2843 981 2929 acceperit,
1005 2841 1181 2908 maledictus

105 2974 142 3019 ac
165 2953 272 3038 pulsus
303 2954 340 3018 ab
363 2973 420 3028 eo,
451 2953 552 3038 itaque
580 2953 777 3038 ignorantiam
807 2951 976 3017 minoribns
1009 2947 1179 3035 dereliquit.

104 3062 272 3144 Propterea
297 3079 351 3124 nec
375 3059 393 3145 ij
417 3079 495 3145 genu
530 3060 626 3144 posito
657 3058 750 3124 deum
774 3068 964 3134 venerantur,
989 3057 1036 3123 vel
1060 3056 1086 3121 ei
1111 3075 1180 3140 sup

106 3167 240 3251 plicant,
264 3165 363 3231 divina
387 3167 580 3250 implorantes
615 3166 772 3252 praesidia.
805 3165 924 3252 Quique
948 3166 1031 3231 vultu
1058 3173 1180 3239 truces,

105 3269 326 3342 immunitatem
350 3270 487 3335 omnium
510 3269 677 3336 bestiarum
707 3291 760 3336 sua
784 3280 928 3355 superant
950 3269 1108 3344 feritatem,
1132 3271 1180 3334 de·

105 3388 220 3444 certam
245 3376 319 3442 banc
342 3378 488 3444 Arubium
512 3376 567 3442 soli
599 3376 740 3442 babitant.
773 3377 834 3443 Sed
860 3376 896 3461 ijs
926 3375 1047 3448 missis,
1080 3373 1182 3438 redeat

105 3483 202 3549 oratio
235 3482 315 3548 unde
346 3482 483 3548 rlednxit.
515 3485 586 3548 Post
618 3483 716 3548 vicum
752 3485 888 3552 euacua
919 3480 1112 3567 pervenimus
1142 3479 1181 3544 ad

183 3671 224 3740 (t)
250 3671 345 3728 ·Sono
371 3673 459 3745 qiresti
487 3672 522 3744 gli
541 3670 616 3727 arabi
636 3669 746 3726 nomadi
765 3687 781 3727 e
798 3667 925 3741 selvaggt
948 3666 1012 3724 dice
1025 3667 1044 3724 il
1063 3665 1154 3740 Sigob,
1174 3668 1184 3723 i

106 3759 183 3832 quali
203 3766 323 3815 mettono
342 3762 422 3834 tagtie
443 3762 493 3818 alte
519 3761 584 3816 cirta
608 3760 635 3817 d'
652 3760 742 3830 Egitto
760 3775 775 3815 e
793 3758 820 3815 di
841 3757 989 3824 Palestina,
1009 3769 1083 3813 come
1102 3757 1185 3814 launo

105 3847 143 3903 ds
165 3849 211 3906 noi
231 3849 255 3904 le
272 3851 429 3922 compagnis
441 3849 469 3906 di
485 3858 626 3907 ventura·
651 3849 743 3922 (1584)
763 3877 797 3892 -
816 3847 928 3906 Press’a
941 3863 1008 3921 poco
1020 3845 1186 3904 continuabo

102 3939 194 3994 ancbc
213 3938 273 4010 oggi
292 3955 308 3994 a
327 3938 383 3996 laro
401 3939 427 3995 lo
445 3946 531 3998 stesso
550 3933 680 3996 mesticis.

249 4033 277 4093 p.
