2970 4730
581 343 758 430 -iu-

133 525 226 604 atque
249 525 334 595 arte,
365 537 424 604 qua
454 527 578 604 posset,
609 538 770 586 unacum
793 518 960 604 virginibus
993 517 1113 584 leminis
1144 517 1200 584 sibi

136 622 265 688 subditis
295 623 326 688 in
356 624 471 708 pileum
494 644 585 711 quam
609 626 767 712 diligenter
790 625 949 711 redigeret.
973 628 1053 691 Haeo
1076 625 1101 690 si
1132 625 1199 711 qui·

135 727 207 792 dem
230 728 331 813 magni
355 728 446 794 Turci
469 748 616 808 noverca,
648 749 725 816 quae
757 731 843 795 illum
866 729 995 795 maxima
1017 750 1088 796 cura
1111 738 1201 815 atque

134 832 288 918 diligentia
310 854 326 898 a
348 835 462 900 teneris
486 854 584 920 nsque
599 835 685 900 annis
700 835 837 901 educavit
852 833 1016 900 cristianae
1032 832 1201 920 Graiaeque

134 937 351 1023 professionis,
380 940 613 1025 quingentarum
637 941 787 1026 virginum
809 941 985 1006 monialium
1010 940 1200 1025 primiceria,

135 1043 194 1110 sub
217 1044 345 1129 regelari
368 1053 397 1110 et
419 1047 581 1112 monastica
604 1030 760 1132 disciplina
784 1046 948 1113 beatissimi
979 1046 1080 1112 Basilii
1110 1066 1202 1133 quam

134 1148 301 1214 castissime
324 1148 404 1230 degit
426 1149 457 1214 in
480 1159 581 1216 monte
604 1152 734 1216 Parnaso
758 1149 828 1242 (l),
850 1152 949 1230 Quem
984 1150 1074 1216 modo
1095 1151 1202 1217 Graeci

135 1265 273 1322 montem
297 1258 442 1323 Sanctum
464 1247 622 1343 appellant,
646 1258 726 1344 quod
744 1259 775 1324 in
795 1259 846 1325 illo
870 1257 1062 1344 quadraginta
1082 1257 1202 1334 ‚circiter
1243 1345 1245 1350 Ι

134 1362 331 1429 Xenodochia
353 1363 525 1430 Basiliensis
549 1364 742 1450 professionis
772 1366 827 1430 sita
857 1365 924 1436 sint,
948 1366 1086 1444 Quorum
1109 1383 1202 1451 quam
1238 1435 1240 1440 ,

134 1467 223 1552 plura
249 1467 390 1534 tercentis
412 1468 563 1553 sexaginta
586 1469 739 1534 monachis
762 1488 838 1555 quos
861 1469 881 1534 ii
897 1468 1057 1554 Calogeros
1084 1487 1201 1533 nuncu·
1282 1545 1284 1548 ¹

134 1581 216 1658 pant,
240 1581 311 1638 suut
333 1572 452 1638 relerta.
477 1573 551 1651 Hic,
575 1574 719 1660 inquam,
743 1594 830 1640 mons
849 1574 879 1639 'is
902 1583 956 1652 est,
980 1571 1067 1658 cujus
1089 1571 1120 1637 in
1143 1572 1224 1638 cir··

134 1678 219 1745 cuitu
242 1678 406 1764 Deucalion
440 1698 518 1745 anno
552 1680 780 1766 nongentesimo
811 1689 879 1746 ante
909 1679 1018 1745 urbem
1051 1678 1202 1744 conditam

134 1802 207 1849 cnm
230 1801 324 1868 regno
348 1783 504 1867 potiretur,
529 1792 559 1848 et
581 1782 758 1868 Amphition
784 1793 924 1869 regnaret
946 1782 1082 1861 Athenis,
1099 1802 1203 1869 acqua·

134 1907 207 1953 rum
229 1886 348 1952 illuvies
371 1886 517 1972 majorem
541 1896 657 1971 partem
685 1888 870 1972 populorum
901 1887 1070 1954 Thessaliae
1100 1885 1203 1974 perui·

133 1993 210 2058 citer
232 1983 403 2076 assumpsit.
427 1991 560 2057 Plurimi
584 2000 682 2057 tamen
700 2012 756 2076 per
771 1991 885 2077 refugia
908 1992 1058 2058 montium
1074 1991 1202 2070 liberati,

133 2101 310 2186 ratibusque
325 2099 363 2164 ad
379 2100 597 2165 Deucalionem
612 2099 838 2185 confugientes:
855 2109 1010 2187 susceptos
1025 2099 1098 2166 fovit
1112 2107 1203 2184 atque

132 2206 207 2286 aluit
230 2225 285 2290 per
307 2205 436 2290 gemina,
455 2205 584 2271 'Parnasi
607 2205 727 2291 lugnd
754 2226 815 2291 quo
838 2216 996 2292 propterea
1019 2226 1115 2291 genus
1145 2205 1202 2271 hu·

132 2331 259 2378 manum
283 2320 453 2396 reparatum
476 2311 609 2376 extitisse
632 2311 742 2378 dicitur
757 2334 773 2378 a
788 2305 893 2399 poetis.
911 2311 973 2378 Sed
995 2311 1033 2377 ad
1056 2311 1086 2377 id
1111 2309 1201 2376 rede-

133 2419 259 2486 untibus
282 2416 514 2500 undedelluxit
536 2418 629 2484 oratio
661 2428 822 2503 suscepta,
854 2440 870 2484 a
900 2437 1028 2484 noverca
1058 2416 1204 2504 principis

133 2524 283 2591 manicam
315 2523 501 2590 inconsutilis
524 2524 663 2604 tunicae,
695 2525 744 2589 illa
777 2524 842 2609 pari
872 2543 962 2609 opera
985 2524 1110 2591 caeteris
1133 2541 1205 2589 cum

132 2629 315 2696 monialibus
338 2629 369 2694 in
392 2629 442 2695 fila
465 2630 627 2717 lanamque
652 2628 786 2714 redegit,
810 2649 871 2714 quo
894 2636 996 2715 postea
1019 2628 1084 2693 colo
1107 2626 1203 2694 dedu·

133 2744 225 2812 oeret,
249 2744 339 2821 atque
362 2745 449 2802 neret
472 2745 502 2800 et
525 2736 640 2821 pileum
666 2731 823 2820 perageret
839 2735 966 2819 regium.
983 2733 1070 2812 Quod
1090 2733 1203 2817 ingenti

124 2841 235 2908 ,studio
257 2850 426 2927 conatuque
442 2842 592 2927 perficere
609 2861 707 2926 quum
727 2849 909 2926 temptasset,
934 2839 1035 2906 divino
1058 2838 1204 2906 miraculo

135 2957 238 3014 actum
261 2955 315 3024 est,
340 2956 374 3012 ut
397 2967 491 3013 vanus
515 2947 680 3032 irritusqne
704 2946 803 3012 omnis
827 2946 893 3012 cius
915 2955 1036 3011 conatus
1060 2944 1205 3011 studium·

133 3073 195 3139 que
219 3053 320 3120 fuerit.
345 3055 409 3132 Qua
432 3072 466 3118 re
489 3053 635 3119 nimirum
658 3053 818 3138 compulsa
845 3061 890 3119 est
913 3053 1081 3118 Turcarum
1108 3051 1204 3136 impe·

135 3159 237 3234 ratori,
261 3155 352 3242 hujus
376 3157 418 3222 rei
443 3156 616 3242 prodigium
641 3177 802 3222 recensere
830 3159 926 3222 lanam
943 3165 972 3222 et
995 3156 1043 3222 fila
1056 3153 1205 3241 ejusmodi

134 3265 300 3330 remittere.
324 3264 382 3343 Qui
406 3283 440 3329 ea
464 3282 535 3329 cum
560 3263 752 3349 suscepisset,
778 3282 811 3328 se
835 3272 915 3330 tanto
938 3263 1017 3347 pileo
1048 3261 1205 3346 indignum

133 3379 265 3455 putans,
297 3367 398 3434 divino
421 3368 566 3433 miraculo
592 3367 763 3451 plurimum
788 3368 903 3433 detulit.
929 3367 1051 3431 Cratere
1073 3382 1205 3450 namque

134 3493 228 3539 aureo
251 3472 302 3538 fila
324 3473 483 3557 lanamque
513 3470 645 3536 condens
674 3470 783 3536 eodem
806 3471 837 3536 in
861 3470 975 3547 cubili,
999 3469 1029 3534 in
1053 3489 1113 3555 qup
1136 3478 1204 3535 ante
1269 3514 1272 3519 -

134 3580 347 3648 inconsutilem
376 3579 527 3656 tunicam,
563 3577 710 3663 lampadis
740 3595 924 3643 succensum
957 3576 1061 3640 lumen
1096 3559 1205 3660 iugiter

160 3740 357 3756 ψ

207 3836 247 3904 (Ι)
269 3835 291 3890 ll
321 3834 411 3892 Monte
435 3833 518 3890 Sauto
543 3833 578 3891 od
602 3831 773 3906 Aghiosvuni
799 3831 912 3890 sarebbe
938 3832 1069 3905 piuttosto
1087 3831 1104 3887 l'
1118 3831 1205 3890 Athos

133 3925 238 3984 ubitato
256 3925 340 3982 anche
359 3933 570 3997 presentemente
589 3923 627 3982 da¹
642 3922 746 3980 monaci
766 3921 835 3995 greci
853 3937 867 3978 e
885 3920 965 3980 russi.
