2970 4730
593 337 769 410 -lO'l-

145 517 285 597 Quorum
297 528 335 583 ex
347 536 455 584 cruore
471 517 586 584 iniectis
602 517 751 596 manibus,
764 525 888 586 suarum
903 519 1031 604 parietes
1047 519 1209 586 domorum

146 622 304 688 deliniunt.
321 624 361 688 Et
380 632 413 688 ut
435 621 527 707 ajunt,
552 622 609 687 hoc
632 621 744 687 laciunt
768 632 802 689 ut
823 622 1011 708 pestilentiae
1027 623 1092 688 lues
1107 629 1210 708 postea

144 727 264 813 ingredi
287 736 425 812 nequeat.
443 725 572 792 Tametsi
590 725 1091 812 31333133311133313,1311313113
1110 728 1209 793 morbi

144 842 242 919 strage
266 832 452 911 conficiatur,
479 842 513 898 ut
535 840 640 898 cuncta
664 831 829 918 Aegyptus,
846 833 934 920 Syria
956 852 1051 919 paene
1074 832 1209 918 depopu-

144 939 235 1006 letur.
260 938 443 1016 Caeterum,
475 938 558 1024 quod
589 947 634 1005 est
664 947 817 1004 extremae
849 939 1039 1019 dementiae,
1071 940 1211 1026 inquiunt

144 1044 259 1123 iidem,
291 1044 403 1110 occisos
425 1064 442 1109 3
465 1063 497 1109 33
520 1044 628 1109 arietes
639 1066 651 1122 ,·
675 1044 706 1108 in
730 1045 894 1111 novissimo
923 1045 1026 1112 iudicii
1050 1045 1119 1124 die,
1150 1066 1211 1112 una

144 1169 216 1217 cum
232 1149 291 1214 illis
307 1150 493 1216 suscitandos
517 1149 593 1228 lore,
611 1150 729 1237 -quihus
752 1151 915 1218 insidentes
939 1149 1076 1219 Damasci
1091 1151 1210 1232 urbem,

144 1253 315 1322 secundum
339 1274 399 1332 eos,
419 1254 653 1340 judicandorum
676 1256 797 1334 locum,
821 1257 865 1321 illi
888 1255 935 1342 (l)
959 1258 1074 1323 concite
1101 1277 1210 1342 prope·

143 1363 264 1429 rabunt.
288 1361 327 1426 Et
349 1361 462 1430 Mauris
478 1361 586 1426 arietes
609 1367 670 1426 non
693 1361 883 1440 habentibus,
900 1382 997 1449 quum
1013 1363 1118 1448 plures
1134 1363 1210 1429 occi'·

130 1470 253 1549 derint,
270 1468 514 1535 commodabunt.
531 1469 596 1547 Qua
619 1468 819 1535 miserationis
836 1487 926 1553 opera
943 1469 1033 1534 etiam
1049 1467 1210 1553 potiundae

142 1570 278 1662 gloriae,
310 1559 346 1663 eo
368 1575 437 1660 plus
460 1572 561 1638 meriti
584 1583 833 1660 consequuntur,
865 1590 926 1658 quo
949 1573 1078 1660 amplius
1102 1573 1133 1638 in
1156 1573 1211 1639 bac

142 1682 202 1746 vita
224 1679 412 1765 peremerint
434 1679 573 1744 arietum.
598 1679 733 1744 Tandem
758 1679 868 1744 tributa
891 1698 952 1745 non
975 1680 1075 1745 solum
1091 1678 1211 1745 Christo

143 1787 235 1864 1333,
270 1784 423 1851 iudiciaria
446 1792 589 1869 potestate
613 1785 750 1849 omnium
770 1783 1027 1870 judicandorum,
1050 1793 1085 1850 ut
1106 1783 1212 1851 miseri
1236 1863 1238 1868 ¹

142 1890 288 1977 ignaviter
310 1889 504 1968 fabulantur,
531 1889 698 1956 sed-etiam
722 1899 752 1956 et
775 1890 873 1977 Moysi
896 1900 926 1956 et
948 1911 1003 1957 suo
1026 1892 1210 1960 Mahumeto.

143 2000 224 2065 Tum
240 1999 433 2068 Mahumetus
455 2006 533 2064 tanta
556 2007 585 2064 et
607 1998 729 2064 coelesti
745 1998 837 2084 gratia
853 1997 1022 2075 donabitur,
1038 2006 1073 2062 ut
1087 1997 1117 2061 in
1134 1996 1210 2062 arie·

143 2105 216 2170 tem.
229 2104 295 2189 ipse
320 2123 494 2180 conversus,
512 2103 634 2169 candida
650 2112 680 2169 et
695 2103 820 2190 oblonga
835 2103 1020 2188 complectus
1035 2102 1109 2181 lana,
1126 2103 1224 2171 Mau·

124 2229 193 2285 ros
213 2229 337 2288 omnes,
360 2218 515 2295 tamquam
538 2209 653 2294 pulices
670 2219 766 2276 semet
781 2210 872 2295 ipsos,
896 2229 951 2296 per
973 2229 1041 2275 aera
1061 2208 1231 2276 vibrantes

143 2315 237 2382 dorso
260 2315 397 2400 excipiat,
421 2315 518 2400 iisque
542 2316 748 2402 undequaque
769 2325 928 2403 coopertus
951 2325 1040 2402 atque
1055 2325 1211 2382 consertus
1267 2401 1269 2406 ,

143 2423 398 2510 (eorum-tamen
421 2421 546 2486 seclusis
570 2419 710 2504 leminis)
736 2423 892 2487 coelorum
915 2421 946 2484 in
970 2440 1098 2506 regnum
1117 2421 1213 2487 laetus

142 2545 297 2615 ovansque
320 2528 450 2592 intrabit.
475 2527 523 2594 Oh
547 2547 618 2593 sane
634 2527 786 2611 praeclara
810 2528 989 2596 Maurorum
1011 2527 1149 2611 ingenia,
1173 2525 1211 2592 ob

135 2651 297 2698 summam
319 2632 478 2698 hominum
502 2632 690 2717 sapientiam,
715 2650 775 2716 qua
797 2629 1049 2715 perniciosissime
1073 2630 1155 2695 stulti
1178 2650 1212 2696 se

142 2738 236 2824 ipsos,
261 2737 299 2802 ita
315 2735 454 2803 sensibus
479 2736 606 2820 spoliant
621 2744 651 2801 ct
667 2733 779 2800 ratione
803 2733 960 2813 abdicant,
983 2742 1017 2799 ut
1039 2733 1126 2799 bruta
1148 2735 1211 2800 ani·

144 2841 255 2908 mantia
278 2850 307 2907 et
329 2841 496 2906 suscitanda
519 2849 634 2925 putent,
659 2848 688 2905 et
710 2857 802 2905 sunm
827 2837 1006 2924 prophetam
1028 2839 1135 2926 (quem
1151 2840 1211 2906 cel·

144 2967 215 3014 sum
237 2967 310 3033 prae
326 2947 448 3032 regibus
464 2956 562 3012 terrae
578 2943 701 3030 faciunt)
724 2945 756 3010 in
777 2933 915 3022 arietem,
939 2964 1034 3033 seque
1050 2945 1080 3010 in
1096 2932 1212 3031 pulices

142 3053 361 3120 convertendos
384 3052 549 3119 arbitrentl
573 3051 638 3119 Nec
661 3070 747 3117 secus
770 3051 801 3117 in
825 3069 954 3136 regnum
978 3052 1150 3130 coelorum,
1182 3060 1212 3117 et
1266 3087 1269 3092 ·

149 3269 343 3287 m

216 3379 255 3448 (l)
274 3379 422 3450 lSaracini
439 3394 495 3435 non
523 3378 662 3452 guardaoo
679 3378 709 3435 in
736 3385 808 3437 totto
827 3378 845 3434 l'
858 3393 929 3438 anno
947 3378 1015 3434 festa
1033 3371 1118 3435 niuna
1135 3376 1211 3434 salvo

144 3470 194 3527 cho
211 3469 255 3526 del
272 3485 344 3528 mese
362 3471 390 3527 di
408 3469 537 3528 Gennaio.
555 3473 578 3528 Ε
596 3479 691 3546 questo
714 3471 744 3528 lu
765 3469 876 3545 quando
902 3468 1022 3525 Abramo
1040 3465 1212 3525 313131111-

142 3557 244 3631 31111313
261 3559 373 3615 3311313
399 3558 538 3630 ginoachia
561 3575 575 3615 3
594 3568 671 3616 31313
693 3574 741 3631 per
763 3558 819 3614 lare
845 3555 978 3612 sacrificio
996 3571 1012 3612 a
1030 3555 1089 3623 Dio,
1108 3571 1123 3610 e
1140 3553 1212 3610 l'an·

145 3645 202 3716 gelo
219 3644 322 3701 discsse
340 3662 355 3702 e
373 3646 445 3702 disse
462 3646 511 3702 che
530 3635 654 3720 pigliassa
667 3661 704 3702 un
720 3653 846 3702 montone
864 3675 898 3685 -
918 3643 1002 3714 Sipoli
1020 3673 1054 3701 ,-
1072 3642 1109 3698 Ai
1126 3641 1211 3698 nostri

145 3734 230 3807 tempi
244 3735 267 3791 si
280 3749 347 3791 sono
359 3751 436 3806 prese
449 3737 529 3792 133113
543 3734 713 3808 precanzioni
725 3733 853 3789 sanitaris
865 3732 1073 3790 relativamenla
1086 3747 1102 3788 a
1115 3739 1212 3806 questa
1263 3806 1265 3810 Ι

145 3824 279 3880 solennitas
296 3822 339 3879 dei
356 3823 472 3881 sacrifici
491 3825 557 3882 latta
577 3826 628 3880 3113
646 3823 742 3893 Μ3333,
755 3821 783 3878 di
795 3821 864 3879 dove
877 3821 885 3876 i
899 3820 1039 3894 pellegrini
1061 3829 1212 3894 portavano
1232 3818 1234 3822 ’

142 3913 225 3984 quasi
244 3928 351 3984 sempre
368 3913 395 3970 la
408 3922 494 3986 peste.
