2970 4730
725 343 900 412 -92..

283 532 354 601 tur,
377 520 414 588 ab
437 540 542 588 occasu
566 519 718 606 Cyrenem
740 519 853 586 habens
876 527 906 586 et
930 517 1095 596 dliricam,
1119 539 1136 584 a
1159 519 1287 586 meridie
1313 521 1350 586 in

283 629 460 716 dotyopiam
493 647 599 694 versus
630 635 777 713 protensa.
802 627 841 692 Et
862 646 878 691 a
901 627 1124 712 Septemtrione
1147 629 1230 696 Mare
1257 627 1352 694 habet

282 737 547 803 mediterraneum.
572 733 685 802 Medias
720 742 822 799 autem
852 733 1073 818 propemodum
1103 732 1196 798 dicus
1226 734 1351 818 saepius

283 841 386 918 urbes,
410 839 570 924 Memphis,
595 839 776 915 Babiloniae,
793 838 928 912 Bulacbi,
945 838 1033 904 Nilus
1047 837 1225 904 interfluens
1241 857 1350 906 omnes

283 968 377 1035 paene
392 947 522 1032 Aegypti
538 964 621 1010 oram
637 944 749 1030 irrigat,
765 953 795 1009 et
809 943 1026 1010 fertilissimam
1048 945 1186 1030 agricolis
1204 947 1351 1012 tellurem

284 1053 395 1120 reddit.
412 1052 586 1119 ductumno
601 1070 708 1137 magno
724 1071 795 1118 cum
817 1051 904 1117 Nilus
921 1051 1090 1128 increverit,
1107 1051 1188 1137 quod
1206 1054 1351 1137 Septem·-=

283 1161 353 1226 brio
374 1178 480 1224 mense
502 1157 599 1224 lerme
623 1157 774 1242 contingit,
799 1166 865 1223 tum
888 1157 1017 1243 Aegypti
1030 1158 1170 1242 princeps
1187 1157 1349 1236 SoldanuS,

283 1285 389 1351 magna
412 1263 541 1330 heroum
564 1263 722 1330 comitante
745 1273 878 1341 caterva,
902 1283 995 1330 manu
1018 1283 1089 1340 sua,
1114 1264 1212 1349 ligone
1235 1282 1349 1341 aureo,

282 1370 389 1457 grandi
414 1389 538 1454 prorsus
562 1367 759 1444 caeremonia,
772 1369 833 1434 Nili
856 1387 995 1453 aggerem
1011 1370 1200 1453 praerumpit
1214 1369 1350 1454 primus-

283 1499 353 1564 que.
371 1479 450 1544 Tum
466 1477 614 1543 immensa
637 1485 726 1562 atque
750 1476 822 1541 laeta
842 1474 986 1560 juventus
1009 1474 1115 1540 Nilum
1130 1493 1219 1540 secus
1242 1474 1349 1551 effusa,

283 1584 417 1651 fossoriis
447 1603 523 1668 pene
556 1581 723 1648 innumeris
754 1580 924 1667 ligonibus,
953 1580 1077 1646 eosdem
1106 1580 1199 1646 simul
1221 1599 1349 1666 aggeres

284 1711 403 1778 quaqua
426 1709 549 1756 versum
580 1689 756 1773 dirumpere
779 1695 880 1752 certat.
904 1686 1022 1767 Quibus
1044 1686 1190 1771 abruptis,
1214 1686 1351 1752 dilabens

283 1796 425 1862 continuo
447 1794 583 1860 lluminis
605 1792 685 1858 unda
710 1791 789 1858 vehit
812 1791 974 1876 ingentem,
991 1810 1106 1878 quaeve
1122 1792 1209 1876 longe
1229 1791 1351 1877 lateque
1431 1877 1435 1885 .

283 1901 440 1987 perfluens
462 1910 600 1968 cunctam
622 1898 752 1986 Aegypti
776 1918 860 1966 oram
891 1900 992 1985 rapida
1023 1900 1174 1967 eeleritate
1205 1910 1351 1986 vagatur,

283 2017 460 2074 cunctarum
483 2007 621 2073 omnium
643 2005 766 2092 frugum
779 2006 907 2073 uberem
922 2006 1050 2092 glebam,
1066 2007 1158 2073 celeri
1176 2008 1351 2075 maturitate

283 2111 444 2197 perficiens
471 2110 527 2194 (l).
555 2113 657 2190 Quum
681 2110 770 2175 etiam
793 2128 898 2176 mense
921 2111 1028 2180 Martio
1051 2131 1111 2176 non
1133 2111 1224 2178 ordea
1246 2112 1350 2190 modo,

284 2216 339 2284 sed
355 2226 384 2283 et
398 2216 548 2283 frumenta
565 2216 725 2282 demetant.
750 2217 911 2284 Caeterum
934 2217 1017 2303 quod
1039 2237 1151 2303 acquae
1167 2219 1262 2304 ipsius
1278 2238 1350 2304 spe·

282 2323 382 2390 cimen
414 2322 547 2406 loquar‘l
576 2322 673 2400 Quam
704 2321 850 2388 nimirum
881 2340 970 2406 aegre
1001 2322 1130 2388 valentes
1160 2343 1193 2388 ac
1216 2323 1351 2409 languidi

284 2427 395 2492 affatim
426 2434 547 2511 epotant
575 2424 611 2490 ad
636 2424 791 2490 sanitatem
813 2425 1065 2511 consequendam.
1090 2427 1192 2512 Gignit
1225 2447 1352 2514 quoque

283 2533 381 2618 pisces
403 2531 579 2617 cognomine
602 2533 774 2607 Perediam,
798 2549 874 2617 quos
898 2530 1039 2597 omnibus
1063 2533 1160 2617 epulis
1180 2533 1351 2599 instructis·

283 2638 368 2705 simis
391 2637 499 2706 merito
521 2636 677 2704 anteieras.
695 2634 790 2721 Cujus
804 2654 915 2721 acquae
930 2635 967 2700 ad
983 2635 1134 2714 baustum,
1151 2647 1267 2704 tantum
1290 2637 1352 2704 die·

283 2745 339 2810 tim
360 2750 519 2810 assumunt
541 2739 691 2825 Memphis
725 2739 862 2816 accolae,
886 2748 920 2804 ut
943 2738 1049 2805 decem
1072 2760 1194 2828 quoque
1217 2741 1352 2808 millium

284 2850 464 2915 ducatorum
498 2848 630 2932 pretium
665 2843 796 2910 excedat.
831 2845 971 2911 Sedecim
1005 2865 1136 2933 namque
1162 2849 1352 2914 camelorum

283 2953 377 3020 millia
401 2951 537 3018 venalem
560 2950 636 3016 bano
658 2967 783 3035 acquam
807 2948 939 3035 quotidie
958 2947 1025 3037 jugi
1049 2950 1151 3016 labore
1167 2972 1221 3038 per
1237 2952 1351 3018 urbem

284 3057 407 3125 vehunt.
432 3057 592 3122 Caeterum
615 3065 645 3121 et
667 3055 776 3141 equina
799 3056 896 3140 pisces
920 3055 1035 3142 effigie,
1059 3057 1121 3122 edit
1136 3059 1234 3136 Nilus,
1265 3058 1351 3124 aselli
1473 3127 1474 3150 ἕ

281 3164 449 3252 granditate
472 3182 616 3248 magnos,
641 3161 926 3249 quadrupedesque.
951 3162 1014 3229 Sed
1037 3164 1091 3229 bos
1115 3163 1189 3230 dum
1212 3165 1242 3228 in
1273 3163 1349 3249 ripis

284 3273 346 3342 Nili
369 3269 543 3346 virentibus,
568 3277 722 3333 nascentes
745 3267 869 3335 lrutices
899 3269 1015 3335 clerave
1047 3270 1208 3356 pabulent,
1233 3271 1349 3357 laqueis
1472 3351 1473 3356 ἵ

283 3377 433 3464 pedicisve
457 3375 577 3462 capiunt
600 3373 656 3460 (2).
682 3373 793 3440 Omitto
816 3375 991 3442 innumeras
1022 3376 1145 3461 scaphas
1172 3377 1349 3464 navigiaque

355 3578 393 3648 (l)
414 3577 452 3632 La
469 3575 615 3634 cerimonia
633 3574 702 3633 della
723 3582 828 3633 rotturs
851 3575 921 3648 degli
947 3576 1037 3648 argini
1055 3576 1098 3634 del
1115 3577 1179 3634 Nllo
1197 3578 1267 3636 dure
1294 3587 1349 3638 tut·

283 3665 366 3733 lavia,
386 3667 406 3722 11
426 3666 521 3722 Vicere
546 3667 642 3723 assiste
659 3667 712 3723 3113
736 3665 835 3723 13313
828 3681 855 3720 m
876 3680 941 3737 gran
969 3674 1063 3739 parata
1087 3682 1170 3723 econ
1189 3683 1243 3724 una
1261 3684 1350 3742 cappa
1471 3733 1472 3746 χ

284 3769 349 3825 epre
367 3771 415 3826 per
433 3755 452 3810 11
471 3756 558 3828 primo
576 3757 601 3810 la
621 3756 666 3812 via
684 3755 734 3812 3113
753 3771 847 3828 ecque.

356 3842 395 3912 (2)
414 3843 497 3900 Forse
514 3859 631 3901 saranno
648 3843 775 3902 sembrati
796 3843 869 3916 pesci
897 3844 1001 3901 uscenti
1020 3843 1090 3904 dalle
1107 3846 1221 3906 erboss
1228 3846 1288 3906 rive
1307 3797 1351 3906 del

283 3930 364 4001 Nillc,
383 3931 419 4003 gli
438 3931 508 3988 asini
525 3932 647 3992 selvatici
664 3932 738 3994 obe
732 3931 770 3991 rvi
788 3933 981 4004 pascolavano.
