2970 4730
719 356 901 432 ..78-

361 540 542 608 Ateconler.
567 541 634 606 Non
658 550 703 605 est
725 542 902 628 ambiguum
921 539 1084 616 Luvlovioe,
1109 537 1287 604 daemonem
1311 548 1345 604 et

273 643 496 713 fallacissimum
520 667 596 723 esse,
628 655 658 712 et
687 656 842 733 tamquam
875 647 1023 713 solacium
1055 645 1237 731 perdicionis
1259 665 1348 721 suae,

274 753 437 838 perdendis
471 754 644 822 hominibus
683 756 852 843 impensius
895 775 1020 842 operam
1059 755 1140 821 dare.
1180 755 1346 822 lnsidiatur

274 860 424 926 universis
447 869 477 926 et
500 881 551 927 eos
574 862 626 947 qui
650 861 698 927 dei
722 872 906 928 sacramenta
930 882 988 927 non
1014 870 1137 936 norunt,
1162 881 1221 925 non
1245 862 1350 925 solum

273 975 340 1031 astu
364 976 394 1031 et
426 964 502 1031 dolis
536 966 727 1051 aggreditur,
759 967 812 1033 sed
844 968 977 1034 tenebris
1000 966 1235 1041 circumfundit,
1259 981 1350 1051 prae··
1473 1019 1476 1047 ,

274 1071 431 1156 stigiisque
454 1071 681 1138 obcaecantibus
697 1073 778 1138 lallit.
796 1074 829 1139 Si
845 1073 970 1159 quidem
994 1073 1162 1157 decipiendi
1186 1072 1352 1138 calliditate

276 1177 433 1264 cujusdam
456 1177 492 1242 ad
514 1179 607 1243 instar
631 1181 737 1245 veneni
761 1181 879 1245 laetales
910 1199 1015 1245 succos
1038 1179 1197 1244 dulcedine
1221 1179 1349 1263 spargit,

276 1283 488 1369 medicareque
518 1303 623 1368 sapore
647 1286 790 1370 poculum
815 1285 943 1361 videtur,
960 1285 1041 1371 quod
1066 1294 1190 1370 epotum
1214 1284 1351 1370 pernicie

276 1391 333 1457 alta
357 1399 479 1474 repente
510 1400 668 1456 erassatur.
699 1393 818 1477 Quippe
852 1391 928 1458 dum
959 1392 1127 1457 scelerosus
1151 1391 1351 1477 perditusque

276 1496 465 1564 llabometus
488 1495 551 1560 suis
575 1495 692 1561 nefariis
708 1496 849 1561 institutis
865 1516 919 1562 seu
936 1496 1063 1581 legibus,
1081 1498 1167 1580 plura
1192 1499 1349 1581 blosaycae

278 1613 307 1670 et
322 1602 506 1687 evangelicae
522 1601 649 1668 intexuit
664 1602 747 1687 legis,
763 1602 844 1668 haud
868 1601 988 1668 difficile
1005 1601 1061 1667 luit
1084 1602 1120 1667 ad
1138 1602 1247 1686 nelarie
1263 1603 1351 1666 vitio·

277 1731 348 1777 rum
371 1711 595 1796 insegnamenta
619 1710 822 1796 improvvidos
845 1711 1029 1795 ignavosque
1054 1709 1204 1794 pellicere.
1229 1708 1352 1792 Quippe

277 1818 330 1903 qui
354 1816 434 1894 nulla
458 1818 675 1902 scripturarum
700 1816 843 1902 sapientia
868 1815 989 1892 exculti,
1013 1816 1096 1881 nulla
1123 1813 1352 1899 philosophiae,

277 1924 324 1990 vel
348 1923 496 1988 bonarum
519 1923 630 1989 artium
653 1923 809 2008 disciplina
834 1921 942 1988 imbuti
966 1930 1046 1988 sunt.
1064 1922 1159 1987 Multa
1183 1921 1208 1985 si
1224 1919 1353 2006 quidem

278 2031 316 2095 de
340 2029 470 2094 Domino
494 2030 581 2107 lesu,
606 2030 700 2095 multa
724 2029 762 2095 de
785 2029 961 2094 beatissima
986 2027 1052 2114 ejus
1075 2027 1218 2113 genitrice
1242 2027 1272 2090 in
1295 2025 1351 2091 lll-

278 2136 409 2202 chorano
432 2135 485 2198 sita
509 2144 587 2199 sunt.
612 2137 695 2215 Quae
718 2136 836 2201 animos
853 2156 911 2202 non
938 2136 1037 2200 solum
1061 2134 1219 2200 devotione
1239 2132 1275 2198 ad
1298 2151 1353 2198 eos

278 2241 397 2307 afficere
427 2239 550 2324 possint,
575 2241 629 2306 sed
661 2261 769 2308 eorum
801 2244 892 2309 etiam
923 2243 1040 2307 cultum
1064 2241 1352 2324 venerationemque

278 2346 448 2432 plurimum
470 2344 614 2410 inducere
640 2357 777 2430 possunt.
803 2346 935 2413 Tametsi
960 2345 1119 2411 Christum
1149 2365 1209 2410 non
1241 2344 1353 2421 deum,

279 2453 327 2517 vel
350 2451 399 2517 dei
422 2451 520 2517 filium
543 2453 637 2517 latum
662 2472 728 2518 esse
760 2454 968 2522 Mahometum
999 2461 1120 2518 asserat.
1145 2451 1171 2517 Α
1196 2471 1288 2516 sensu
1311 2450 1354 2514 si·

279 2558 404 2645 quidem
434 2559 549 2624 alienus
579 2567 669 2645 atque
692 2560 729 2626 ab
761 2561 843 2626 omni
876 2560 992 2625 ratione
1023 2568 1178 2633 semotus,
1211 2557 1354 2642 ignorans

279 2668 392 2753 quippe
420 2667 568 2754 quidquid
594 2668 623 2732 in
647 2669 712 2733 Deo
735 2677 790 2744 est,
815 2688 882 2733 esse
906 2687 966 2733 non
992 2686 1081 2752 posse
1098 2665 1181 2752 quod
1205 2665 1255 2730 dei
1278 2664 1352 2730 sub·

279 2774 414 2838 stantiam
439 2776 485 2838 vel
508 2776 679 2840 essentiam.
704 2774 762 2838 Cui
786 2783 815 2839 et
850 2783 895 2839 cst
926 2793 1123 2858 consequens
1158 2769 1282 2837 omnino
1307 2770 1353 2854 ip·

280 2900 350 2945 sum
380 2879 473 2945 deum
502 2871 573 2947 curn
604 2882 652 2947 dei
684 2880 846 2946 substantia
871 2881 919 2946 vel
944 2882 1094 2956 essentia,
1119 2877 1200 2944 aliod
1224 2897 1283 2944 non
1316 2877 1355 2941 sit

280 3002 373 3068 quam
403 2985 467 3069 ipse
490 2985 575 3051 deus.
607 2986 708 3071 Atque
733 2993 902 3070 propterea,
928 2995 963 3051 ut
986 2984 1023 3050 ad
1048 2984 1078 3049 id
1104 2983 1227 3048 reddeat
1250 2982 1353 3058 oratio,

280 3111 295 3155 a
319 3110 379 3176 quo
404 3111 567 3176 parumper
590 3091 723 3178 digressa
746 3102 800 3166 est,
825 3093 906 3157 nulla
932 3091 1065 3177 prolecto
1088 3110 1143 3156 nos
1178 3097 1279 3154 teneat
1295 3087 1353 3153 ad·

280 3197 406 3274 miratio,
431 3198 456 3263 si
479 3199 640 3264 mulierem
664 3200 845 3265 Saracenam
869 3198 1082 3264 Beatissimam
1106 3196 1259 3261 invocasse
1283 3194 1354 3262 Vir·

280 3303 403 3388 ginem,
429 3313 461 3368 ut
483 3302 624 3368 defuncto
657 3303 740 3379 lilio,
766 3304 847 3370 illius
883 3303 973 3368 vitam
999 3300 1239 3386 recuperandam
1263 3318 1354 3384 opem

281 3410 480 3496 impenderet,
494 3431 590 3497 quam
613 3420 643 3476 et
665 3411 761 3476 enixis
786 3409 945 3495 praecibus
964 3417 1055 3494 atque
1081 3405 1244 3491 lachrymis
1260 3404 1355 3469 ¹facile

281 3517 461 3603 impetravit.
494 3517 612 3585 llliraris
636 3537 707 3583 vero
731 3516 884 3584 Ludevice
908 3515 1078 3581 Dominum
1102 3515 1215 3585 lesum,
1240 3510 1354 3576 diutius

283 3622 313 3685 in
337 3624 503 3707 AEgyptum
527 3631 678 3688 moratum
705 3622 761 3688 alia
784 3641 844 3686 non
870 3630 1002 3705 patrasse
1037 3617 1192 3684 miracula.
1217 3617 1282 3700 Ego
1305 3623 1355 3679 aot

283 3725 374 3789 satius
398 3725 484 3792 nobis
508 3746 574 3792 esse
608 3727 737 3792 arbitror
761 3726 785 3792 si
811 3746 872 3790 nun
907 3725 1078 3800 miremur,
1103 3721 1153 3787 sed
1186 3720 1265 3785 ultra
1289 3739 1354 3784 cre,-

283 3829 391 3897 damus
429 3831 592 3916 Evangelio
622 3832 747 3918 dicenti:
787 3833 849 3898 Hoc
871 3834 940 3914 lectt
978 3834 1097 3912 initium
1128 3831 1286 3912 signorum
1309 3827 1354 3890 le·

283 3955 335 3998 auo
358 3938 391 3998 iu
429 3937 536 4001 Clnao
561 3937 693 4004 Golileoe
716 3945 743 4002 et
765 3938 966 4019 manifestabit
986 3939 1115 4020 pleniore
1138 3952 1236 3998 siccave.
1261 3929 1355 4014 Igitur
