2970 4730
744 338 920 405 -lll-

389 512 507 599 Quippe
529 511 583 599 qui
605 521 648 580 tet
668 513 818 602 tantisque
848 523 999 581 terrarum
1030 513 1192 600 provinciis
1221 513 1368 596 maximis

298 618 530 706 maritumisque
552 621 659 687 insulis
681 622 840 708 imperitat.
865 623 1013 704 Quoniam
1036 623 1213 699 Christianis
1236 625 1366 711 (quibus

298 732 345 790 est
366 723 604 792 immanissimus
626 725 733 811 bostis)
756 728 1032 813 pertimescendum
1047 727 1212 795 admodum
1227 729 1275 808 sit,
1291 749 1365 795 cnm

297 831 475 916 praesertim
498 832 629 898 maxima
651 833 809 919 subigendi
833 843 939 913 totum,
956 835 982 901 si
997 835 1118 920 poterit,
1134 834 1241 901 orbem
1264 835 1292 900 ei
1314 855 1366 901 cu·

297 935 370 1021 pido
394 944 452 1002 tam
477 937 641 1005 vehemens
656 939 821 1017 incesserit,
838 949 938 1006 umen
955 949 988 1006 ut
1003 941 1185 1007 luculentius
1205 960 1365 1026 capessere

297 1043 449 1108 valeamus
472 1063 564 1129 quam
587 1045 756 1131 peringenti
778 1046 947 1133 principatu
970 1056 1124 1113 terrarum
1148 1046 1224 1124 orbi,
1248 1046 1365 1118 domini

297 1146 439 1212 inellabili
464 1147 651 1216 ordinatione
674 1150 865 1236 praecipitur,
881 1150 1022 1235 pluribus
1038 1149 1069 1216 id
1084 1150 1280 1237 explicemus.
1297 1154 1364 1232 Qua

298 1252 329 1319 in
352 1272 387 1319 re
410 1263 440 1320 et
463 1254 488 1320 si
511 1255 631 1322 nullum
654 1256 704 1322 vix
727 1256 827 1324 ocium
850 1256 937 1324 nobis
960 1256 1152 1342 suppeditare
1175 1257 1278 1344 possit,
1301 1279 1366 1345 quo
1474 1255 1475 1316 l

297 1359 414 1445 singula
436 1360 556 1446 imperii
579 1361 626 1428 sui
651 1361 743 1429 urbes
766 1372 796 1428 et
818 1362 928 1449 oppida
944 1363 1056 1449 passim
1071 1383 1292 1443 recenseamus,
1307 1365 1365 1431 ali·
1474 1335 1475 1384 ³

297 1463 409 1550 quibos
440 1484 478 1531 ex
506 1464 543 1530 iis
573 1465 745 1550 expressis,
776 1485 868 1552 regna
899 1476 929 1532 et
957 1466 1105 1552 imperia,
1136 1468 1367 1555 provinciasque

298 1569 394 1655 magis
409 1569 556 1636 dicemus.
574 1570 637 1636 Sed
653 1570 735 1657 quod
751 1571 782 1636 in
797 1571 904 1657 primis
927 1571 1148 1639 advertendum
1169 1582 1224 1651 est,
1241 1594 1368 1642 omnem

297 1661 476 1761 potdstatem
493 1677 524 1742 in
540 1677 629 1744 terris
650 1678 748 1744 aDeo
770 1697 847 1744 esse.
871 1679 910 1744 Et
932 1679 958 1744 si
981 1686 1141 1765 potestates
1163 1679 1260 1745 aDco
1282 1691 1366 1760 sunt,

300 1791 412 1867 quanto
434 1782 529 1868 magis
544 1801 652 1868 regna,
677 1782 789 1870 quibus
811 1783 946 1869 reliquae
968 1792 1129 1868 potestates
1144 1784 1369 1870 progrediuntl

300 1888 380 1954 Sunt
401 1895 502 1954 autem
524 1887 598 1956 haee
619 1889 651 1954 in
673 1889 757 1955 coelo
781 1889 909 1976 quilibet
933 1889 1076 1956 misteriis
1105 1899 1136 1955 et
1165 1889 1368 1976 profundissi-

300 1993 359 2058 mis
381 1992 430 2059 dei
454 1993 573 2063 iudiciis
608 1994 771 2080 disposita,
802 2014 879 2082 quae
903 2014 963 2082 non
985 1994 1101 2062 viribus
1124 1994 1284 2075 humanis,
1315 2005 1371 2062 aut

299 2097 422 2164 incertis
435 2098 554 2166 casibus
569 2099 711 2167 accidisse
727 2100 895 2168 credamus.
912 2100 1220 2174 Sir-etBabilonicum
1235 2121 1368 2188 regnum

299 2203 549 2292 Assiriorumque
572 2216 603 2273 et
625 2207 695 2274 Nini
718 2209 797 2294 regis
818 2209 904 2295 prius
926 2208 988 2276 luit
1004 2209 1036 2274 in
1059 2209 1193 2286 Oriente,
1210 2217 1240 2274 et
1255 2208 1367 2275 deinde

299 2311 525 2382 Macedonicum
548 2315 579 2381 in
603 2315 827 2401 septentrione,
848 2326 917 2402 post
932 2325 962 2382 et
977 2315 1164 2383 bilricanum
1180 2314 1211 2380 in
1226 2314 1367 2392 Meridie,

299 2427 389 2503 atque
412 2417 443 2484 in
466 2417 527 2500 fine
550 2421 757 2486 Romanorum
788 2419 1024 2498 incendente,
1055 2419 1095 2486 ita
1124 2419 1215 2505 plane
1244 2418 1370 2504 contigit

300 2525 358 2592 boc
380 2533 526 2610 tempore,
543 2525 624 2612 quod
639 2534 670 2592 et
692 2526 861 2592 Turearum
878 2543 1012 2611 regnum
1036 2525 1118 2612 quod
1141 2529 1266 2593 Netolie
1288 2544 1368 2590 nun-

299 2639 410 2717 eupant
440 2639 470 2698 et
498 2630 605 2717 majori
637 2640 752 2698 tantum
775 2631 921 2698 ,11111111
945 2639 974 2696 11
998 2631 1107 2696 minori
1131 2630 1202 2697 Asia
1232 2631 1368 2697 contine·

300 2737 397 2815 batur,
421 2735 511 2802 modo
534 2737 565 2803 in
588 2737 786 2818 immensum,
809 2736 1002 2803 cernentibus
1025 2736 1122 2814 nobis,
1140 2736 1188 2824 ‘ita'
1207 2745 1368 2803 eranctum

298 2853 364 2921 est,
395 2853 429 2910 ut
459 2863 514 2911 nee
545 2844 716 2930 singillatim
749 2845 818 2926 satis
841 2867 857 2911 a
881 2846 968 2911 nobis
992 2846 1086 2932 possit
1108 2844 1202 2928 edici,
1226 2847 1369 2920 Primum
1475 2867 1476 2900 1

300 2961 401 3020 autem
431 2954 530 3039 cepit,
562 2955 814 3041 quinquagesimo
845 2973 926 3022 nunc
952 2954 1016 3041 jam
1050 2951 1371 3040 1111111111Τ1111

298 3058 442 3146 principis
465 3059 557 3146 hujus
579 3061 715 3146 genitor,
740 3080 934 3148 permagnam
959 3061 1100 3128 Graeciae
1124 3058 1234 3125 urbem
1260 3059 1368 3124 Tessa-
1475 3109 1476 3146 3

299 3165 426 3232 lonioam
449 3161 561 3250 duplici
577 3186 667 3232 muro
691 3167 828 3244 cinctam,
845 3185 991 3253 passuum
1007 3165 1139 3252 septenis
1156 3163 1291 3231 millibus
1310 3183 1370 3229 am·

299 3271 442 3342 bientem.
460 3269 518 3339 Cui
533 3271 699 3338 succedens
716 3273 845 3359 imperio
860 3273 942 3339 filius
957 3273 1014 3340 iste
1033 3274 1228 3350 Otltomeoor,
1245 3289 1369 3336 omnem

300 3387 369 3464 post
395 3365 673 3452 Tessalonicensem
700 3381 886 3465 provinciam
900 3400 956 3446 suo
971 3378 1083 3446 adiecit
1096 3377 1234 3463 imperio.
1251 3376 1369 3457 Deinde

300 3485 391 3550 totius
421 3488 506 3572 regni
537 3494 627 3570 eaput
658 3485 866 3565 Graecorum,
890 3485 1178 3570 Constantinopolim
1201 3493 1235 3550 et
1258 3486 1369 3551 Porum

301 3591 497 3658 Ianuensinm
521 3591 640 3671 urbem,
665 3593 871 3674 8111111111
897 3601 927 3660 11
953 3595 1129 3660 Heracleam
1152 3589 1210 3678 (1),
1235 3591 1369 3656 istarum·

318 3751 513 3770 Q

374 3828 414 3897 (Ι)
432 3829 571 3889 Saloniceo
598 3831 725 3907 lepreso
752 3832 788 3891 da
806 3835 921 3893 11111111
939 3833 974 3891 11.
992 3833 1043 3893 Nol
1070 3833 1140 3892 tert
1158 3848 1212 3891 una
1229 3831 1370 3907 questione

303 3915 435 3987 popolare
453 3925 527 3980 11111
546 3922 572 3981 la
591 3921 648 3981 1111
665 3922 691 3979 ai
717 3924 821 3982 consoli
839 3923 868 3981 di
890 3923 1005 3982 Francia
1024 3939 1049 3984 e,
1062 3921 1089 3980 d’
1099 3921 1220 3981 dustria.
1237 3917 1369 3993 Siluriad
