2970 4730
718 297 895 364 ..32-

278 477 415 562 peritiam
438 476 477 542 ita
499 491 571 558 prae
594 489 627 538 se
650 471 771 552 lerunt,
795 485 829 542 ut
850 476 1000 542 incertum
1024 473 1111 539 nobis
1141 492 1266 558 prorsus
1289 493 1342 540 re·

276 581 437 668 linquatur,
462 581 568 648 Bubali
593 600 640 659 ne,
664 581 711 646 vel
735 582 860 666 Scopae,
884 581 932 646 vel
955 579 1133 666 Thymotei,
1156 580 1204 645 vel
1226 580 1342 646 Leuea-

276 689 328 768 ris,
352 698 403 756 aut
418 689 512 775 ipsius
534 686 677 774 Pbydiae,
701 688 767 773 (qui
790 706 915 754 manum
938 706 1091 752 summam
1113 688 1183 753 huic
1206 689 1342 754 melaudi

276 799 331 866 arti
354 799 533 884 imposuisse
556 795 665 882 terror)
687 797 801 863 luerint
823 817 924 882 opera,
947 796 1121 862 admiranda
1143 815 1253 880 nempe
1267 806 1344 860 suut

276 913 307 970 et
329 902 465 969 mirifica.

366 1009 544 1074 Lodeeieoa.
569 1007 652 1074 Idola
674 1008 740 1084 ista,
763 1005 893 1072 mirifico
918 1004 1083 1072 admodum
1105 1006 1212 1072 caelata
1235 1024 1342 1090 opere,

278 1114 333 1180 sita
356 1132 393 1178 ne
417 1112 539 1178 suntin
562 1112 639 1178 urbe
663 1113 857 1198 Kayrouam‘l

367 1218 548 1285 Alexander.
573 1220 675 1298 Quum
698 1217 796 1285 Mauri
820 1216 958 1282 omnium
987 1215 1129 1301 figmenta
1155 1215 1344 1300 sculptilium

278 1323 501 1412 pieturarumve
525 1342 616 1410 quam
639 1323 770 1389 manime
793 1322 1035 1399 abhominantur,
1062 1331 1153 1408 atque
1176 1321 1344 1407 proijeiant,

133 1451 151 1482 ⁹
278 1431 456 1518 praesertim
472 1449 549 1516 quae
572 1429 702 1515 figuram
724 1449 845 1515 praese
869 1429 970 1494 lerunt
992 1429 1165 1504 humanam,
1189 1427 1345 1493 idolatriae

276 1537 404 1627 quidem
427 1537 509 1602 nelas
535 1557 568 1603 se
595 1537 753 1604 admittere
769 1545 919 1622 putarent,
943 1555 978 1601 ea
1000 1535 1080 1620 apud
1104 1555 1137 1600 se
1157 1553 1233 1610 esse,
1249 1553 1345 1619 prop·

280 1654 360 1710 terea
384 1643 439 1710 ista
462 1663 522 1710 uon
544 1644 575 1710 in
598 1643 682 1729 Kayr
705 1642 794 1722 urbe,
818 1642 872 1709 sed
895 1641 1031 1729 quinque
1049 1651 1139 1727 atque
1162 1641 1264 1726 viginti
1279 1639 1347 1704 mil-

279 1749 358 1818 libus
381 1748 521 1836 passibus
536 1749 567 1816 in
583 1749 784 1817 vetustissima
808 1747 962 1836 quondam
985 1746 1063 1812 urbe
1092 1749 1195 1814 Tbebia
1209 1746 1345 1823 nomine,

280 1855 328 1923 vel
351 1857 477 1940 Helipoli
499 1875 516 1922 a
540 1855 662 1923 Graecis
692 1861 872 1939 nuncupata.
903 1833 950 1918 De
973 1872 1041 1938 qua
1059 1851 1147 1917 latius
1175 1860 1274 1936 postea
1297 1849 1345 1915 di·

279 1960 514 2030 condumum
536 1980 608 2027 vero
624 1981 704 2027 nune
726 1965 782 2046 pe'r
800 1958 940 2025 maximis
952 1958 1102 2044 jacentem
1119 1957 1215 2024 ruinis
1237 1956 1346 2022 arabes

278 2067 422 2144 ineolunt,
446 2065 522 2133 haue
545 2075 576 2132 et
596 2065 760 2133 Pharaonis
787 2065 854 2152 (qui
877 2064 955 2130 lilios
978 2065 1072 2131 lsrael
1091 2073 1269 2150 persecutus
1284 2060 1346 2146 est)

279 2172 383 2240 sedem
409 2171 502 2240 luisse
526 2173 638 2260 regiam
661 2172 820 2240 affirmant.

369 2279 548 2346 bodonicus.
572 2278 655 2345 Num
686 2289 716 2345 et
738 2299 791 2346 nos
821 2279 967 2346 idolatrae
1002 2286 1107 2362 putant
1128 2276 1243 2354 Mauri,
1266 2293 1346 2362 quo·

279 2383 360 2452 niam
385 2384 551 2450 multorum
574 2391 745 2451 sanctorum
768 2383 947 2469 immagines
962 2391 1028 2448 tum
1050 2381 1152 2467 pietas,
1176 2389 1242 2446 tum
1263 2400 1348 2446 mar·

279 2507 407 2566 moreas,
430 2497 483 2556 aut
505 2506 574 2554 aere
598 2489 721 2557 caelatas
745 2487 920 2554 habemus‘l

368 2596 550 2664 Alemander.
564 2595 683 2682 Utique.
697 2595 761 2660 Nee
774 2595 855 2660 enim
872 2594 970 2660 sciunt
986 2594 1151 2660 discretum
1163 2612 1241 2671 esse,
1253 2591 1348 2658 saneti

280 2701 374 2790 ipsius
397 2701 521 2769 adorare
544 2700 701 2788 figuratam
729 2700 908 2785 imaginem,
932 2700 1014 2787 quod
1036 2700 1170 2785 prolecto
1193 2699 1276 2764 nelas
1299 2708 1349 2764 est

280 2806 458 2886 execrabile,
482 2816 512 2874 et
534 2816 669 2874 mentem
692 2805 730 2872 ad
753 2815 963 2893 prototypum,
982 2805 1038 2872 boe
1061 2813 1106 2871 est
1128 2805 1165 2870 ad
1188 2825 1268 2881 eum,
1291 2804 1348 2890 qui

278 2912 453 2998 peripsam
487 2920 694 2999 praesentatur
724 2910 905 2997 imaginem,
930 2909 1012 2997 quod
1040 2930 1095 2976 nos
1126 2911 1208 2976 cultu
1231 2909 1348 2988 latriae,

280 3017 329 3084 vel
350 3016 547 3104 hyper-duliae
569 3018 696 3086 tacimus
722 3017 848 3084 referre.
1341 3083 1345 3088 .

368 3125 548 3192 ludovicos.
583 3127 749 3209 Memphim
782 3125 910 3202 urbem,
947 3142 1039 3211 quam
1077 3123 1167 3190 modo
1202 3132 1236 3190 ut
1272 3121 1350 3188 dieis

281 3230 455 3318 Kayrouam
475 3241 589 3311 vocant,
616 3231 810 3302 multifariam
832 3231 997 3318 multisque
1013 3229 1121 3309 modis,
1146 3229 1278 3316 reliquas
1293 3247 1351 3294 ex·

280 3339 388 3408 cedere
411 3341 542 3408 civitates
564 3339 675 3408 ferunt.
700 3339 734 3407 Si
756 3337 986 3425 intelligendum
1009 3336 1086 3403 forte
1109 3335 1196 3415 nosti,
1220 3335 1349 3420 explica,

280 3465 402 3533 quaeso,
419 3447 487 3532 quis
509 3446 590 3513 illius
613 3444 758 3524 eonditor,
781 3445 850 3531 quis
874 3444 959 3522 situs,
976 3443 1045 3531 quis
1059 3442 1200 3522 ambitus,
1215 3449 1349 3528 quantus

281 3553 465 3638 templorum
488 3571 653 3631 numerus,
679 3553 726 3619 vel
753 3561 893 3630 ornatus,
918 3560 1028 3637 quauta
1058 3549 1178 3617 aedium
1209 3547 1348 3635 magnili-

280 3657 387 3734 centia,
403 3657 571 3744 frequentia
594 3659 708 3746 populi,
737 3658 981 3744 divitiarumque,
1005 3663 1171 3741 rerumque
1194 3654 1349 3741 opulentia

282 3769 313 3825 et
328 3779 404 3845 quae
419 3763 496 3828 aeris
513 3764 684 3850 temperies.
702 3763 783 3830 Haec
795 3781 904 3848 nempe
921 3761 1025 3828 audire
1042 3778 1192 3846 nosseque
1207 3777 1348 3846 magnam

280 3864 413 3952 prolecto
435 3867 563 3934 alienent
583 3891 601 3936 ¹a
618 3870 709 3936 nimia
726 3870 963 3947 oblectationem,
988 3867 1099 3953 quibus
1125 3885 1247 3953 semper
1269 3865 1350 3931 inest

285 3972 431 4058 quaedam
455 3975 595 4040 noseendi
619 3976 764 4061 cupiditas
787 3974 986 4061 inexplebilis.
