<?xml version="1.0" encoding="UTF-8"?>
<!DOCTYPE html PUBLIC "-//W3C//DTD XHTML 1.0 Transitional//EN"
    "http://www.w3.org/TR/xhtml1/DTD/xhtml1-transitional.dtd">
<html xmlns="http://www.w3.org/1999/xhtml" xml:lang="en" lang="en">
 <head>
  <title>
</title>
<meta http-equiv="Content-Type" content="text/html;charset=utf-8" />
  <meta name='ocr-system' content='tesseract 3.04.00' />
  <meta name='ocr-capabilities' content='ocr_page ocr_carea ocr_par ocr_line ocrx_word'/>
</head>
<body>
  <div class='ocr_page' id='page_1' title='image "./viaggionellasir00ariogoog_0086.png"; bbox 0 0 2970 4730; ppageno 0'>
   <div class='ocr_carea' id='block_1_1' title="bbox 573 333 752 398">
    <p class='ocr_par' dir='ltr' id='par_1_1' title="bbox 573 333 752 398">
     <span class='ocr_line' id='line_1_1' title="bbox 573 333 752 398; baseline 0.022 -18"><span class='ocrx_word' id='word_1_1' title='bbox 573 333 752 398; x_wconf 79' lang='grc'>...81-</span> 
     </span>
    </p>
   </div>
   <div class='ocr_carea' id='block_1_2' title="bbox 93 505 1264 3885">
    <p class='ocr_par' dir='ltr' id='par_1_2' title="bbox 93 505 1264 3885">
     <span class='ocr_line' id='line_1_2' title="bbox 127 505 1192 596; baseline 0 -21"><span class='ocrx_word' id='word_1_2' title='bbox 127 511 196 577; x_wconf 92' lang='lat' dir='ltr'>lene</span> <span class='ocrx_word' id='word_1_3' title='bbox 219 517 349 593; x_wconf 86' lang='lat' dir='ltr'>utroquo</span> <span class='ocrx_word' id='word_1_4' title='bbox 371 505 455 573; x_wconf 90' lang='lat' dir='ltr'>tenui</span> <span class='ocrx_word' id='word_1_5' title='bbox 479 505 561 573; x_wconf 90' lang='lat' dir='ltr'>labro</span> <span class='ocrx_word' id='word_1_6' title='bbox 584 507 693 585; x_wconf 91' lang='lat' dir='ltr'>situm,</span> <span class='ocrx_word' id='word_1_7' title='bbox 716 505 883 572; x_wconf 91' lang='lat' dir='ltr'>candidulis</span> <span class='ocrx_word' id='word_1_8' title='bbox 906 505 1046 574; x_wconf 82' lang='lat' dir='ltr'>dentibus</span> <span class='ocrx_word' id='word_1_9' title='bbox 1070 509 1119 575; x_wconf 81' lang='lat' dir='ltr'>vin</span> <span class='ocrx_word' id='word_1_10' title='bbox 1141 530 1192 596; x_wconf 91' lang='lat' dir='ltr'>ap·</span> 
     </span>
     <span class='ocr_line' id='line_1_3' title="bbox 125 600 1192 703; baseline 0 -21"><span class='ocrx_word' id='word_1_11' title='bbox 125 616 304 703; x_wconf 86' lang='lat' dir='ltr'>parentibus</span> <span class='ocrx_word' id='word_1_12' title='bbox 328 624 381 680; x_wconf 88' lang='lat' dir='ltr'>est</span> <span class='ocrx_word' id='word_1_13' title='bbox 405 614 523 679; x_wconf 83' lang='lat' dir='ltr'>Exinde</span> <span class='ocrx_word' id='word_1_14' title='bbox 546 614 710 680; x_wconf 87' lang='lat' dir='ltr'>deductum</span> <span class='ocrx_word' id='word_1_15' title='bbox 733 615 897 679; x_wconf 91' lang='lat' dir='ltr'>clementer</span> <span class='ocrx_word' id='word_1_16' title='bbox 912 635 928 680; x_wconf 93' lang='lat' dir='ltr'>a</span> <span class='ocrx_word' id='word_1_17' title='bbox 944 616 1028 701; x_wconf 90' lang='lat' dir='ltr'>genis</span> <span class='ocrx_word' id='word_1_18' title='bbox 1044 600 1192 695; x_wconf 83' lang='lat' dir='ltr'>mentum,</span> 
     </span>
     <span class='ocr_line' id='line_1_4' title="bbox 93 717 1193 810; baseline 0.002 -22"><span class='ocrx_word' id='word_1_19' title='bbox 93 717 98 723; x_wconf 71' lang='grc'><em>“</em></span> <span class='ocrx_word' id='word_1_20' title='bbox 125 721 316 808; x_wconf 81' lang='lat' dir='ltr'>inferiusque</span> <span class='ocrx_word' id='word_1_21' title='bbox 340 722 533 798; x_wconf 89' lang='lat' dir='ltr'>conclusum,</span> <span class='ocrx_word' id='word_1_22' title='bbox 557 721 641 806; x_wconf 93' lang='lat' dir='ltr'>quod</span> <span class='ocrx_word' id='word_1_23' title='bbox 663 730 693 786; x_wconf 90' lang='lat' dir='ltr'>et</span> <span class='ocrx_word' id='word_1_24' title='bbox 715 721 823 786; x_wconf 87' lang='lat' dir='ltr'>leniter</span> <span class='ocrx_word' id='word_1_25' title='bbox 845 721 876 786; x_wconf 92' lang='lat' dir='ltr'>in</span> <span class='ocrx_word' id='word_1_26' title='bbox 900 731 1071 788; x_wconf 88' lang='lat' dir='ltr'>extremum</span> <span class='ocrx_word' id='word_1_27' title='bbox 1095 745 1193 810; x_wconf 88' lang='lat' dir='ltr'>usque</span> 
     </span>
     <span class='ocr_line' id='line_1_5' title="bbox 125 827 1193 915; baseline 0.003 -22"><span class='ocrx_word' id='word_1_28' title='bbox 125 830 223 915; x_wconf 85' lang='lat' dir='ltr'>signat</span> <span class='ocrx_word' id='word_1_29' title='bbox 246 829 393 914; x_wconf 87' lang='lat' dir='ltr'>impressa</span> <span class='ocrx_word' id='word_1_30' title='bbox 416 827 531 893; x_wconf 90' lang='lat' dir='ltr'>divisio.</span> <span class='ocrx_word' id='word_1_31' title='bbox 556 827 632 892; x_wconf 90' lang='lat' dir='ltr'>Hinc</span> <span class='ocrx_word' id='word_1_32' title='bbox 656 827 787 913; x_wconf 86' lang='lat' dir='ltr'>rigidum</span> <span class='ocrx_word' id='word_1_33' title='bbox 803 837 833 893; x_wconf 93' lang='lat' dir='ltr'>et</span> <span class='ocrx_word' id='word_1_34' title='bbox 849 837 928 893; x_wconf 89' lang='lat' dir='ltr'>teres</span> <span class='ocrx_word' id='word_1_35' title='bbox 951 830 1072 908; x_wconf 88' lang='lat' dir='ltr'>collum,</span> <span class='ocrx_word' id='word_1_36' title='bbox 1086 831 1193 896; x_wconf 80' lang='lat' dir='ltr'>vivaci·</span> 
     </span>
     <span class='ocr_line' id='line_1_6' title="bbox 125 933 1194 1021; baseline 0 -19"><span class='ocrx_word' id='word_1_37' title='bbox 125 936 186 1002; x_wconf 91' lang='lat' dir='ltr'>bus</span> <span class='ocrx_word' id='word_1_38' title='bbox 202 955 298 1021; x_wconf 85' lang='lat' dir='ltr'>paene</span> <span class='ocrx_word' id='word_1_39' title='bbox 315 935 398 1000; x_wconf 85' lang='lat' dir='ltr'>renis</span> <span class='ocrx_word' id='word_1_40' title='bbox 421 934 546 1020; x_wconf 78' lang='lat' dir='ltr'><strong>insigne.</strong></span> <span class='ocrx_word' id='word_1_41' title='bbox 571 933 644 1000; x_wconf 89' lang='lat' dir='ltr'>lnde</span> <span class='ocrx_word' id='word_1_42' title='bbox 668 935 805 1018; x_wconf 90' lang='lat' dir='ltr'>scapulae</span> <span class='ocrx_word' id='word_1_43' title='bbox 829 934 905 1020; x_wconf 90' lang='lat' dir='ltr'>iugis</span> <span class='ocrx_word' id='word_1_44' title='bbox 928 936 1070 1001; x_wconf 92' lang='lat' dir='ltr'>mollibus</span> <span class='ocrx_word' id='word_1_45' title='bbox 1093 957 1109 1002; x_wconf 93' lang='lat' dir='ltr'>a</span> <span class='ocrx_word' id='word_1_46' title='bbox 1132 957 1194 1002; x_wconf 90' lang='lat' dir='ltr'>cor·</span> 
     </span>
     <span class='ocr_line' id='line_1_7' title="bbox 124 1042 1193 1129; baseline -0.001 -20"><span class='ocrx_word' id='word_1_47' title='bbox 124 1045 196 1111; x_wconf 86' lang='lat' dir='ltr'>vioe·</span> <span class='ocrx_word' id='word_1_48' title='bbox 206 1042 347 1120; x_wconf 88' lang='lat' dir='ltr'>demissa,</span> <span class='ocrx_word' id='word_1_49' title='bbox 372 1063 389 1108; x_wconf 89' lang='lat' dir='ltr'>e</span> <span class='ocrx_word' id='word_1_50' title='bbox 415 1043 526 1129; x_wconf 92' lang='lat' dir='ltr'>quibus</span> <span class='ocrx_word' id='word_1_51' title='bbox 549 1043 712 1108; x_wconf 90' lang='lat' dir='ltr'>substracta</span> <span class='ocrx_word' id='word_1_52' title='bbox 735 1043 821 1129; x_wconf 90' lang='lat' dir='ltr'>quasi</span> <span class='ocrx_word' id='word_1_53' title='bbox 845 1045 945 1109; x_wconf 90' lang='lat' dir='ltr'>nervis</span> <span class='ocrx_word' id='word_1_54' title='bbox 969 1044 1096 1121; x_wconf 91' lang='lat' dir='ltr'>brachia,</span> <span class='ocrx_word' id='word_1_55' title='bbox 1121 1045 1193 1110; x_wconf 87' lang='lat' dir='ltr'>toris</span> 
     </span>
     <span class='ocr_line' id='line_1_8' title="bbox 123 1147 1193 1236; baseline -0.001 -21"><span class='ocrx_word' id='word_1_56' title='bbox 123 1157 215 1236; x_wconf 87' lang='lat' dir='ltr'>atque</span> <span class='ocrx_word' id='word_1_57' title='bbox 240 1149 356 1214; x_wconf 89' lang='lat' dir='ltr'>lacertis</span> <span class='ocrx_word' id='word_1_58' title='bbox 379 1148 555 1234; x_wconf 82' lang='lat' dir='ltr'>insignibus,</span> <span class='ocrx_word' id='word_1_59' title='bbox 580 1167 671 1233; x_wconf 91' lang='lat' dir='ltr'>quam</span> <span class='ocrx_word' id='word_1_60' title='bbox 694 1147 835 1226; x_wconf 81' lang='lat' dir='ltr'>formosa,</span> <span class='ocrx_word' id='word_1_61' title='bbox 859 1149 957 1215; x_wconf 91' lang='lat' dir='ltr'>cubita</span> <span class='ocrx_word' id='word_1_62' title='bbox 982 1170 1053 1216; x_wconf 86' lang='lat' dir='ltr'>vero</span> <span class='ocrx_word' id='word_1_63' title='bbox 1076 1149 1193 1216; x_wconf 90' lang='lat' dir='ltr'>decenti</span> 
     </span>
     <span class='ocr_line' id='line_1_9' title="bbox 124 1253 1193 1342; baseline 0 -22"><span class='ocrx_word' id='word_1_64' title='bbox 124 1257 211 1322; x_wconf 89' lang='lat' dir='ltr'>velut</span> <span class='ocrx_word' id='word_1_65' title='bbox 232 1254 359 1331; x_wconf 86' lang='lat' dir='ltr'>llexura,</span> <span class='ocrx_word' id='word_1_66' title='bbox 382 1253 528 1340; x_wconf 84' lang='lat' dir='ltr'>agitabilia</span> <span class='ocrx_word' id='word_1_67' title='bbox 551 1254 659 1340; x_wconf 86' lang='lat' dir='ltr'>utique</span> <span class='ocrx_word' id='word_1_68' title='bbox 679 1274 745 1320; x_wconf 91' lang='lat' dir='ltr'>esse</span> <span class='ocrx_word' id='word_1_69' title='bbox 770 1254 927 1332; x_wconf 87' lang='lat' dir='ltr'>videntur,</span> <span class='ocrx_word' id='word_1_70' title='bbox 952 1276 1102 1342; x_wconf 83' lang='lat' dir='ltr'>posseque</span> <span class='ocrx_word' id='word_1_71' title='bbox 1126 1255 1193 1322; x_wconf 92' lang='lat' dir='ltr'>ubi·</span> 
     </span>
     <span class='ocr_line' id='line_1_10' title="bbox 123 1361 1192 1447; baseline -0.002 -18"><span class='ocrx_word' id='word_1_72' title='bbox 123 1363 201 1429; x_wconf 91' lang='lat' dir='ltr'>libet</span> <span class='ocrx_word' id='word_1_73' title='bbox 222 1361 423 1447; x_wconf 76' lang='lat' dir='ltr'>contorqueri.</span> <span class='ocrx_word' id='word_1_74' title='bbox 441 1364 578 1442; x_wconf 85' lang='lat' dir='ltr'>Quorum</span> <span class='ocrx_word' id='word_1_75' title='bbox 595 1379 633 1426; x_wconf 82' lang='lat' dir='ltr'>ex</span> <span class='ocrx_word' id='word_1_76' title='bbox 656 1362 803 1427; x_wconf 87' lang='lat' dir='ltr'>musculis</span> <span class='ocrx_word' id='word_1_77' title='bbox 818 1363 904 1447; x_wconf 89' lang='lat' dir='ltr'>quasi</span> <span class='ocrx_word' id='word_1_78' title='bbox 920 1361 1050 1427; x_wconf 82' lang='lat' dir='ltr'>orientes</span> <span class='ocrx_word' id='word_1_79' title='bbox 1075 1381 1192 1442; x_wconf 89' lang='lat' dir='ltr'>manus,</span> 
     </span>
     <span class='ocr_line' id='line_1_11' title="bbox 122 1466 1191 1554; baseline 0 -20"><span class='ocrx_word' id='word_1_80' title='bbox 122 1469 269 1554; x_wconf 86' lang='lat' dir='ltr'>plancae</span> <span class='ocrx_word' id='word_1_81' title='bbox 293 1466 408 1532; x_wconf 91' lang='lat' dir='ltr'>modico</span> <span class='ocrx_word' id='word_1_82' title='bbox 431 1467 499 1532; x_wconf 93' lang='lat' dir='ltr'>sinu</span> <span class='ocrx_word' id='word_1_83' title='bbox 523 1466 749 1553; x_wconf 88' lang='lat' dir='ltr'>diligentissime</span> <span class='ocrx_word' id='word_1_84' title='bbox 773 1477 918 1544; x_wconf 87' lang='lat' dir='ltr'>structae,</span> <span class='ocrx_word' id='word_1_85' title='bbox 951 1468 1068 1533; x_wconf 89' lang='lat' dir='ltr'>curvari</span> <span class='ocrx_word' id='word_1_86' title='bbox 1092 1489 1191 1553; x_wconf 90' lang='lat' dir='ltr'>posse,</span> 
     </span>
     <span class='ocr_line' id='line_1_12' title="bbox 125 1572 1194 1660; baseline 0 -21"><span class='ocrx_word' id='word_1_87' title='bbox 125 1574 275 1660; x_wconf 86' lang='lat' dir='ltr'>vertique,</span> <span class='ocrx_word' id='word_1_88' title='bbox 300 1582 330 1638; x_wconf 92' lang='lat' dir='ltr'>et</span> <span class='ocrx_word' id='word_1_89' title='bbox 351 1573 467 1639; x_wconf 92' lang='lat' dir='ltr'>moveri</span> <span class='ocrx_word' id='word_1_90' title='bbox 491 1572 604 1659; x_wconf 93' lang='lat' dir='ltr'>ubique</span> <span class='ocrx_word' id='word_1_91' title='bbox 628 1593 733 1638; x_wconf 88' lang='lat' dir='ltr'>versus</span> <span class='ocrx_word' id='word_1_92' title='bbox 760 1583 913 1657; x_wconf 83' lang='lat' dir='ltr'>apparent.</span> <span class='ocrx_word' id='word_1_93' title='bbox 938 1574 984 1638; x_wconf 85' lang='lat' dir='ltr'>Ex</span> <span class='ocrx_word' id='word_1_94' title='bbox 1007 1573 1118 1659; x_wconf 91' lang='lat' dir='ltr'>quibus</span> <span class='ocrx_word' id='word_1_95' title='bbox 1141 1575 1194 1639; x_wconf 89' lang='lat' dir='ltr'>im·</span> 
     </span>
     <span class='ocr_line' id='line_1_13' title="bbox 124 1677 1194 1766; baseline -0.001 -19"><span class='ocrx_word' id='word_1_96' title='bbox 124 1701 214 1766; x_wconf 87' lang='lat' dir='ltr'>pares</span> <span class='ocrx_word' id='word_1_97' title='bbox 237 1680 353 1746; x_wconf 85' lang='lat' dir='ltr'>articuli</span> <span class='ocrx_word' id='word_1_98' title='bbox 375 1688 544 1755; x_wconf 80' lang='lat' dir='ltr'>curvatura,</span> <span class='ocrx_word' id='word_1_99' title='bbox 569 1680 651 1744; x_wconf 86' lang='lat' dir='ltr'>velut</span> <span class='ocrx_word' id='word_1_100' title='bbox 674 1677 803 1743; x_wconf 84' lang='lat' dir='ltr'>flexibili</span> <span class='ocrx_word' id='word_1_101' title='bbox 826 1688 856 1744; x_wconf 92' lang='lat' dir='ltr'>et</span> <span class='ocrx_word' id='word_1_102' title='bbox 878 1679 1031 1764; x_wconf 91' lang='lat' dir='ltr'>unguibus</span> <span class='ocrx_word' id='word_1_103' title='bbox 1059 1680 1194 1766; x_wconf 82' lang='lat' dir='ltr'>oblongis</span> 
     </span>
     <span class='ocr_line' id='line_1_14' title="bbox 124 1784 1192 1872; baseline -0.001 -19"><span class='ocrx_word' id='word_1_104' title='bbox 124 1787 222 1853; x_wconf 90' lang='lat' dir='ltr'>ornati</span> <span class='ocrx_word' id='word_1_105' title='bbox 245 1785 413 1871; x_wconf 91' lang='lat' dir='ltr'>plurimum</span> <span class='ocrx_word' id='word_1_106' title='bbox 436 1784 553 1850; x_wconf 91' lang='lat' dir='ltr'>decoris</span> <span class='ocrx_word' id='word_1_107' title='bbox 578 1793 712 1850; x_wconf 78' lang='lat' dir='ltr'>ostentat.</span> <span class='ocrx_word' id='word_1_108' title='bbox 738 1784 822 1849; x_wconf 86' lang='lat' dir='ltr'>Collo</span> <span class='ocrx_word' id='word_1_109' title='bbox 845 1793 944 1850; x_wconf 84' lang='lat' dir='ltr'>auteur</span> <span class='ocrx_word' id='word_1_110' title='bbox 974 1785 1078 1852; x_wconf 89' lang='lat' dir='ltr'>subest</span> <span class='ocrx_word' id='word_1_111' title='bbox 1101 1806 1192 1872; x_wconf 88' lang='lat' dir='ltr'>quae·</span> 
     </span>
     <span class='ocr_line' id='line_1_15' title="bbox 125 1889 1192 1976; baseline 0 -19"><span class='ocrx_word' id='word_1_112' title='bbox 125 1891 196 1958; x_wconf 89' lang='lat' dir='ltr'>dam</span> <span class='ocrx_word' id='word_1_113' title='bbox 219 1890 346 1976; x_wconf 83' lang='lat' dir='ltr'>pectoris</span> <span class='ocrx_word' id='word_1_114' title='bbox 370 1889 506 1966; x_wconf 90' lang='lat' dir='ltr'>latitudo,</span> <span class='ocrx_word' id='word_1_115' title='bbox 526 1908 603 1975; x_wconf 92' lang='lat' dir='ltr'>quae</span> <span class='ocrx_word' id='word_1_116' title='bbox 620 1898 699 1954; x_wconf 88' lang='lat' dir='ltr'>recta</span> <span class='ocrx_word' id='word_1_117' title='bbox 721 1898 896 1975; x_wconf 90' lang='lat' dir='ltr'>patensque,</span> <span class='ocrx_word' id='word_1_118' title='bbox 921 1891 1011 1956; x_wconf 90' lang='lat' dir='ltr'>costis</span> <span class='ocrx_word' id='word_1_119' title='bbox 1034 1893 1192 1976; x_wconf 91' lang='lat' dir='ltr'>paululum</span> 
     </span>
     <span class='ocr_line' id='line_1_16' title="bbox 125 1997 1264 2085; baseline 0.004 -23"><span class='ocrx_word' id='word_1_120' title='bbox 125 1997 273 2084; x_wconf 82' lang='lat' dir='ltr'>prolatis3</span> <span class='ocrx_word' id='word_1_121' title='bbox 297 1998 464 2082; x_wconf 87' lang='lat' dir='ltr'>leniterque</span> <span class='ocrx_word' id='word_1_122' title='bbox 488 1998 616 2063; x_wconf 87' lang='lat' dir='ltr'>curvatis</span> <span class='ocrx_word' id='word_1_123' title='bbox 639 2007 740 2084; x_wconf 24' lang='lat' dir='ltr'>atque·</span> <span class='ocrx_word' id='word_1_124' title='bbox 754 2002 952 2077; x_wconf 85' lang='lat' dir='ltr'>transversis,</span> <span class='ocrx_word' id='word_1_125' title='bbox 977 2000 1107 2085; x_wconf 81' lang='lat' dir='ltr'>praefert</span> <span class='ocrx_word' id='word_1_126' title='bbox 1129 2020 1192 2066; x_wconf 90' lang='lat' dir='ltr'>ma·</span> <span class='ocrx_word' id='word_1_127' title='bbox 1262 2011 1264 2016; x_wconf 85' lang='lat'>&#39;</span> 
     </span>
     <span class='ocr_line' id='line_1_17' title="bbox 126 2102 1193 2191; baseline 0.004 -23"><span class='ocrx_word' id='word_1_128' title='bbox 126 2104 241 2168; x_wconf 84' lang='lat' dir='ltr'>ximam</span> <span class='ocrx_word' id='word_1_129' title='bbox 273 2103 319 2168; x_wconf 90' lang='lat' dir='ltr'>sui</span> <span class='ocrx_word' id='word_1_130' title='bbox 351 2103 469 2168; x_wconf 90' lang='lat' dir='ltr'>habitus</span> <span class='ocrx_word' id='word_1_131' title='bbox 500 2102 683 2189; x_wconf 90' lang='lat' dir='ltr'>dignitatem.</span> <span class='ocrx_word' id='word_1_132' title='bbox 718 2105 753 2170; x_wconf 95' lang='lat' dir='ltr'>ln</span> <span class='ocrx_word' id='word_1_133' title='bbox 777 2124 836 2190; x_wconf 92' lang='lat' dir='ltr'>qua</span> <span class='ocrx_word' id='word_1_134' title='bbox 866 2106 955 2170; x_wconf 90' lang='lat' dir='ltr'>etiam</span> <span class='ocrx_word' id='word_1_135' title='bbox 986 2106 1193 2191; x_wconf 89' lang='lat' dir='ltr'>immaginatae</span> 
     </span>
     <span class='ocr_line' id='line_1_18' title="bbox 126 2209 1192 2294; baseline 0.004 -21"><span class='ocrx_word' id='word_1_136' title='bbox 126 2209 275 2294; x_wconf 88' lang='lat' dir='ltr'>papillae,</span> <span class='ocrx_word' id='word_1_137' title='bbox 306 2228 475 2294; x_wconf 89' lang='lat' dir='ltr'>parumque</span> <span class='ocrx_word' id='word_1_138' title='bbox 509 2209 677 2274; x_wconf 86' lang='lat' dir='ltr'>eminentes</span> <span class='ocrx_word' id='word_1_139' title='bbox 708 2219 738 2275; x_wconf 90' lang='lat' dir='ltr'>et</span> <span class='ocrx_word' id='word_1_140' title='bbox 765 2211 829 2276; x_wconf 89' lang='lat' dir='ltr'>suis</span> <span class='ocrx_word' id='word_1_141' title='bbox 859 2210 985 2277; x_wconf 89' lang='lat' dir='ltr'>orbibus</span> <span class='ocrx_word' id='word_1_142' title='bbox 1015 2221 1192 2290; x_wconf 83' lang='lat' dir='ltr'>coronatae,</span> 
     </span>
     <span class='ocr_line' id='line_1_19' title="bbox 123 2310 1191 2403; baseline 0.003 -23"><span class='ocrx_word' id='word_1_143' title='bbox 123 2313 237 2399; x_wconf 86' lang='lat' dir='ltr'>speciei</span> <span class='ocrx_word' id='word_1_144' title='bbox 260 2313 340 2380; x_wconf 91' lang='lat' dir='ltr'>baud</span> <span class='ocrx_word' id='word_1_145' title='bbox 363 2332 473 2399; x_wconf 87' lang='lat' dir='ltr'>parum</span> <span class='ocrx_word' id='word_1_146' title='bbox 496 2314 670 2400; x_wconf 90' lang='lat' dir='ltr'>adiungunt.</span> <span class='ocrx_word' id='word_1_147' title='bbox 697 2317 827 2382; x_wconf 85' lang='lat' dir='ltr'>Tametsi</span> <span class='ocrx_word' id='word_1_148' title='bbox 850 2310 1009 2383; x_wconf 84' lang='lat' dir='ltr'>foemineis</span> <span class='ocrx_word' id='word_1_149' title='bbox 1032 2317 1063 2383; x_wconf 92' lang='lat' dir='ltr'>in</span> <span class='ocrx_word' id='word_1_150' title='bbox 1086 2337 1191 2403; x_wconf 87' lang='lat' dir='ltr'>corpo·</span> 
     </span>
     <span class='ocr_line' id='line_1_20' title="bbox 122 2411 1192 2507; baseline 0.004 -23"><span class='ocrx_word' id='word_1_151' title='bbox 122 2411 210 2485; x_wconf 88' lang='lat' dir='ltr'>ribus</span> <span class='ocrx_word' id='word_1_152' title='bbox 234 2420 405 2485; x_wconf 89' lang='lat' dir='ltr'>tumentiori</span> <span class='ocrx_word' id='word_1_153' title='bbox 422 2419 510 2505; x_wconf 84' lang='lat' dir='ltr'>globo</span> <span class='ocrx_word' id='word_1_154' title='bbox 526 2420 678 2498; x_wconf 83' lang='lat' dir='ltr'>formatae,</span> <span class='ocrx_word' id='word_1_155' title='bbox 696 2420 783 2507; x_wconf 91' lang='lat' dir='ltr'>cujus</span> <span class='ocrx_word' id='word_1_156' title='bbox 799 2423 887 2506; x_wconf 87' lang='lat' dir='ltr'>plane</span> <span class='ocrx_word' id='word_1_157' title='bbox 903 2423 1059 2488; x_wconf 87' lang='lat' dir='ltr'>diversitas</span> <span class='ocrx_word' id='word_1_158' title='bbox 1071 2423 1192 2489; x_wconf 90' lang='lat' dir='ltr'>rationis</span> 
     </span>
     <span class='ocr_line' id='line_1_21' title="bbox 123 2523 1192 2612; baseline 0.003 -23"><span class='ocrx_word' id='word_1_159' title='bbox 123 2523 263 2609; x_wconf 88' lang='lat' dir='ltr'>utrisque</span> <span class='ocrx_word' id='word_1_160' title='bbox 286 2523 367 2588; x_wconf 84' lang='lat' dir='ltr'>addit</span> <span class='ocrx_word' id='word_1_161' title='bbox 398 2523 565 2609; x_wconf 90' lang='lat' dir='ltr'>plurimum</span> <span class='ocrx_word' id='word_1_162' title='bbox 596 2525 770 2590; x_wconf 84' lang='lat' dir='ltr'>venustatis.</span> <span class='ocrx_word' id='word_1_163' title='bbox 795 2526 937 2592; x_wconf 82' lang='lat' dir='ltr'>Exinde</span> <span class='ocrx_word' id='word_1_164' title='bbox 961 2527 1073 2592; x_wconf 90' lang='lat' dir='ltr'>ventris</span> <span class='ocrx_word' id='word_1_165' title='bbox 1096 2527 1192 2612; x_wconf 91' lang='lat' dir='ltr'>plani·</span> 
     </span>
     <span class='ocr_line' id='line_1_22' title="bbox 122 2630 1191 2717; baseline 0.004 -20"><span class='ocrx_word' id='word_1_166' title='bbox 122 2631 195 2708; x_wconf 89' lang='lat' dir='ltr'>cios,</span> <span class='ocrx_word' id='word_1_167' title='bbox 220 2649 254 2696; x_wconf 89' lang='lat' dir='ltr'>ac</span> <span class='ocrx_word' id='word_1_168' title='bbox 277 2630 343 2717; x_wconf 91' lang='lat' dir='ltr'>ejus</span> <span class='ocrx_word' id='word_1_169' title='bbox 359 2631 388 2697; x_wconf 94' lang='lat' dir='ltr'>in</span> <span class='ocrx_word' id='word_1_170' title='bbox 405 2630 508 2697; x_wconf 90' lang='lat' dir='ltr'>medio</span> <span class='ocrx_word' id='word_1_171' title='bbox 523 2632 688 2698; x_wconf 83' lang='lat' dir='ltr'>bellissime</span> <span class='ocrx_word' id='word_1_172' title='bbox 708 2633 783 2699; x_wconf 89' lang='lat' dir='ltr'>situs</span> <span class='ocrx_word' id='word_1_173' title='bbox 806 2632 978 2710; x_wconf 90' lang='lat' dir='ltr'>umbilicus,</span> <span class='ocrx_word' id='word_1_174' title='bbox 1002 2633 1191 2701; x_wconf 87' lang='lat' dir='ltr'>marmorarii</span> 
     </span>
     <span class='ocr_line' id='line_1_23' title="bbox 123 2737 1191 2824; baseline 0.002 -21"><span class='ocrx_word' id='word_1_175' title='bbox 123 2737 284 2823; x_wconf 89' lang='lat' dir='ltr'>peritiam,</span> <span class='ocrx_word' id='word_1_176' title='bbox 308 2737 554 2823; x_wconf 86' lang='lat' dir='ltr'>diligentiamque</span> <span class='ocrx_word' id='word_1_177' title='bbox 578 2758 633 2823; x_wconf 90' lang='lat' dir='ltr'>per</span> <span class='ocrx_word' id='word_1_178' title='bbox 657 2739 789 2803; x_wconf 87' lang='lat' dir='ltr'>multum</span> <span class='ocrx_word' id='word_1_179' title='bbox 820 2747 955 2804; x_wconf 84' lang='lat' dir='ltr'>ostentat.</span> <span class='ocrx_word' id='word_1_180' title='bbox 980 2742 1117 2819; x_wconf 84' lang='lat' dir='ltr'>Quorum</span> <span class='ocrx_word' id='word_1_181' title='bbox 1139 2737 1191 2824; x_wconf 62' lang='lat' dir='ltr'>gess</span> 
     </span>
     <span class='ocr_line' id='line_1_24' title="bbox 122 2845 1190 2932; baseline 0.001 -21"><span class='ocrx_word' id='word_1_182' title='bbox 122 2847 224 2912; x_wconf 88' lang='lat' dir='ltr'>nitalia</span> <span class='ocrx_word' id='word_1_183' title='bbox 245 2847 383 2912; x_wconf 89' lang='lat' dir='ltr'>membra</span> <span class='ocrx_word' id='word_1_184' title='bbox 399 2848 429 2912; x_wconf 94' lang='lat' dir='ltr'>in</span> <span class='ocrx_word' id='word_1_185' title='bbox 445 2847 580 2913; x_wconf 89' lang='lat' dir='ltr'>medium</span> <span class='ocrx_word' id='word_1_186' title='bbox 604 2846 743 2932; x_wconf 87' lang='lat' dir='ltr'>proferre</span> <span class='ocrx_word' id='word_1_187' title='bbox 760 2848 829 2913; x_wconf 90' lang='lat' dir='ltr'>etsi</span> <span class='ocrx_word' id='word_1_188' title='bbox 855 2867 906 2913; x_wconf 89' lang='lat' dir='ltr'>me</span> <span class='ocrx_word' id='word_1_189' title='bbox 928 2845 1027 2932; x_wconf 91' lang='lat' dir='ltr'>pudor</span> <span class='ocrx_word' id='word_1_190' title='bbox 1051 2845 1190 2925; x_wconf 89' lang='lat' dir='ltr'>retrabat,</span> 
     </span>
     <span class='ocr_line' id='line_1_25' title="bbox 122 2951 1192 3020; baseline 0.002 -2"><span class='ocrx_word' id='word_1_191' title='bbox 122 2951 154 3019; x_wconf 93' lang='lat' dir='ltr'>id</span> <span class='ocrx_word' id='word_1_192' title='bbox 179 2962 279 3019; x_wconf 65' lang='lat' dir='ltr'>nmen</span> <span class='ocrx_word' id='word_1_193' title='bbox 302 2953 442 3019; x_wconf 84' lang='lat' dir='ltr'>dixerim:</span> <span class='ocrx_word' id='word_1_194' title='bbox 460 2974 494 3019; x_wconf 92' lang='lat' dir='ltr'>ea</span> <span class='ocrx_word' id='word_1_195' title='bbox 510 2954 552 3020; x_wconf 92' lang='lat' dir='ltr'>sio</span> <span class='ocrx_word' id='word_1_196' title='bbox 568 2953 696 3020; x_wconf 84' lang='lat' dir='ltr'>mirifice</span> <span class='ocrx_word' id='word_1_197' title='bbox 713 2953 852 3019; x_wconf 90' lang='lat' dir='ltr'>obductis</span> <span class='ocrx_word' id='word_1_198' title='bbox 875 2953 1063 3019; x_wconf 90' lang='lat' dir='ltr'>lineamentis</span> <span class='ocrx_word' id='word_1_199' title='bbox 1083 2955 1192 3020; x_wconf 89' lang='lat' dir='ltr'>caelata</span> 
     </span>
     <span class='ocr_line' id='line_1_26' title="bbox 123 3059 1191 3146; baseline 0.001 -23"><span class='ocrx_word' id='word_1_200' title='bbox 123 3059 227 3135; x_wconf 81' lang='lat' dir='ltr'>luisse,</span> <span class='ocrx_word' id='word_1_201' title='bbox 244 3059 326 3145; x_wconf 90' lang='lat' dir='ltr'>quod</span> <span class='ocrx_word' id='word_1_202' title='bbox 342 3060 436 3145; x_wconf 89' lang='lat' dir='ltr'>magis</span> <span class='ocrx_word' id='word_1_203' title='bbox 451 3069 556 3126; x_wconf 89' lang='lat' dir='ltr'>natura</span> <span class='ocrx_word' id='word_1_204' title='bbox 572 3077 663 3146; x_wconf 92' lang='lat' dir='ltr'>quam</span> <span class='ocrx_word' id='word_1_205' title='bbox 680 3060 771 3125; x_wconf 91' lang='lat' dir='ltr'>homo</span> <span class='ocrx_word' id='word_1_206' title='bbox 788 3059 913 3125; x_wconf 83' lang='lat' dir='ltr'>finxisse</span> <span class='ocrx_word' id='word_1_207' title='bbox 929 3059 1075 3128; x_wconf 91' lang='lat' dir='ltr'>videatur.</span> <span class='ocrx_word' id='word_1_208' title='bbox 1091 3062 1191 3126; x_wconf 88' lang='lat' dir='ltr'>Renes</span> 
     </span>
     <span class='ocr_line' id='line_1_27' title="bbox 122 3165 1192 3252; baseline 0.002 -22"><span class='ocrx_word' id='word_1_209' title='bbox 122 3184 248 3251; x_wconf 90' lang='lat' dir='ltr'>quoque</span> <span class='ocrx_word' id='word_1_210' title='bbox 272 3166 437 3232; x_wconf 89' lang='lat' dir='ltr'>clementer</span> <span class='ocrx_word' id='word_1_211' title='bbox 460 3187 518 3232; x_wconf 92' lang='lat' dir='ltr'>una</span> <span class='ocrx_word' id='word_1_212' title='bbox 542 3166 662 3232; x_wconf 89' lang='lat' dir='ltr'>discreti</span> <span class='ocrx_word' id='word_1_213' title='bbox 686 3167 810 3243; x_wconf 89' lang='lat' dir='ltr'>lacuna,</span> <span class='ocrx_word' id='word_1_214' title='bbox 843 3186 928 3232; x_wconf 92' lang='lat' dir='ltr'>suam</span> <span class='ocrx_word' id='word_1_215' title='bbox 952 3167 1074 3252; x_wconf 91' lang='lat' dir='ltr'>quoque</span> <span class='ocrx_word' id='word_1_216' title='bbox 1097 3165 1192 3232; x_wconf 90' lang='lat' dir='ltr'>simu·</span> 
     </span>
     <span class='ocr_line' id='line_1_28' title="bbox 123 3267 1192 3359; baseline 0 -23"><span class='ocrx_word' id='word_1_217' title='bbox 123 3271 213 3336; x_wconf 79' lang='lat' dir='ltr'>laenis</span> <span class='ocrx_word' id='word_1_218' title='bbox 236 3291 322 3357; x_wconf 91' lang='lat' dir='ltr'>spem</span> <span class='ocrx_word' id='word_1_219' title='bbox 346 3273 499 3357; x_wconf 84' lang='lat' dir='ltr'>praebent.</span> <span class='ocrx_word' id='word_1_220' title='bbox 524 3271 641 3351; x_wconf 84' lang='lat' dir='ltr'>Quibus</span> <span class='ocrx_word' id='word_1_221' title='bbox 661 3272 799 3359; x_wconf 90' lang='lat' dir='ltr'>subjiecti</span> <span class='ocrx_word' id='word_1_222' title='bbox 822 3282 916 3350; x_wconf 91' lang='lat' dir='ltr'>nates,</span> <span class='ocrx_word' id='word_1_223' title='bbox 940 3270 1113 3338; x_wconf 88' lang='lat' dir='ltr'>admiranda</span> <span class='ocrx_word' id='word_1_224' title='bbox 1129 3267 1192 3336; x_wconf 86' lang='lat' dir='ltr'>arte</span> 
     </span>
     <span class='ocr_line' id='line_1_29' title="bbox 122 3375 1191 3465; baseline -0.002 -22"><span class='ocrx_word' id='word_1_225' title='bbox 122 3376 162 3444; x_wconf 84' lang='lat' dir='ltr'>ita</span> <span class='ocrx_word' id='word_1_226' title='bbox 185 3376 352 3462; x_wconf 85' lang='lat' dir='ltr'>conglobati</span> <span class='ocrx_word' id='word_1_227' title='bbox 375 3388 464 3465; x_wconf 89' lang='lat' dir='ltr'>atque</span> <span class='ocrx_word' id='word_1_228' title='bbox 487 3379 653 3464; x_wconf 89' lang='lat' dir='ltr'>compositi,</span> <span class='ocrx_word' id='word_1_229' title='bbox 671 3379 888 3464; x_wconf 90' lang='lat' dir='ltr'>latioribusque</span> <span class='ocrx_word' id='word_1_230' title='bbox 911 3378 1004 3444; x_wconf 91' lang='lat' dir='ltr'>thoris</span> <span class='ocrx_word' id='word_1_231' title='bbox 1028 3375 1191 3452; x_wconf 84' lang='lat' dir='ltr'>infrenatis,</span> 
     </span>
     <span class='ocr_line' id='line_1_30' title="bbox 123 3481 1191 3568; baseline -0.002 -20"><span class='ocrx_word' id='word_1_232' title='bbox 123 3489 158 3548; x_wconf 86' lang='lat' dir='ltr'>ut</span> <span class='ocrx_word' id='word_1_233' title='bbox 179 3481 306 3548; x_wconf 89' lang='lat' dir='ltr'>sedendi</span> <span class='ocrx_word' id='word_1_234' title='bbox 330 3484 441 3568; x_wconf 88' lang='lat' dir='ltr'>pariter</span> <span class='ocrx_word' id='word_1_235' title='bbox 464 3503 496 3549; x_wconf 92' lang='lat' dir='ltr'>ac</span> <span class='ocrx_word' id='word_1_236' title='bbox 520 3483 625 3560; x_wconf 86' lang='lat' dir='ltr'>standi,</span> <span class='ocrx_word' id='word_1_237' title='bbox 650 3482 742 3550; x_wconf 89' lang='lat' dir='ltr'>offitio</span> <span class='ocrx_word' id='word_1_238' title='bbox 769 3481 853 3568; x_wconf 87' lang='lat' dir='ltr'>fungi</span> <span class='ocrx_word' id='word_1_239' title='bbox 876 3502 964 3568; x_wconf 92' lang='lat' dir='ltr'>posse</span> <span class='ocrx_word' id='word_1_240' title='bbox 987 3502 1079 3568; x_wconf 91' lang='lat' dir='ltr'>quam</span> <span class='ocrx_word' id='word_1_241' title='bbox 1101 3481 1191 3565; x_wconf 91' lang='lat' dir='ltr'>aptis·</span> 
     </span>
     <span class='ocr_line' id='line_1_31' title="bbox 124 3585 1191 3672; baseline 0.001 -22"><span class='ocrx_word' id='word_1_242' title='bbox 124 3585 199 3653; x_wconf 92' lang='lat' dir='ltr'>sime</span> <span class='ocrx_word' id='word_1_243' title='bbox 224 3586 390 3653; x_wconf 84' lang='lat' dir='ltr'>videantur.</span> <span class='ocrx_word' id='word_1_244' title='bbox 415 3586 522 3664; x_wconf 85' lang='lat' dir='ltr'>Crura,</span> <span class='ocrx_word' id='word_1_245' title='bbox 546 3607 653 3672; x_wconf 84' lang='lat' dir='ltr'>genua,</span> <span class='ocrx_word' id='word_1_246' title='bbox 676 3596 848 3671; x_wconf 90' lang='lat' dir='ltr'>teretesque</span> <span class='ocrx_word' id='word_1_247' title='bbox 872 3605 960 3651; x_wconf 89' lang='lat' dir='ltr'>surae</span> <span class='ocrx_word' id='word_1_248' title='bbox 984 3585 1040 3651; x_wconf 91' lang='lat' dir='ltr'>sub</span> <span class='ocrx_word' id='word_1_249' title='bbox 1063 3585 1191 3663; x_wconf 88' lang='lat' dir='ltr'>natibus,</span> 
     </span>
     <span class='ocr_line' id='line_1_32' title="bbox 124 3692 1191 3778; baseline 0.003 -22"><span class='ocrx_word' id='word_1_250' title='bbox 124 3712 183 3757; x_wconf 95' lang='lat' dir='ltr'>non</span> <span class='ocrx_word' id='word_1_251' title='bbox 207 3692 325 3778; x_wconf 90' lang='lat' dir='ltr'>aequali</span> <span class='ocrx_word' id='word_1_252' title='bbox 349 3693 439 3759; x_wconf 90' lang='lat' dir='ltr'>modo</span> <span class='ocrx_word' id='word_1_253' title='bbox 462 3693 589 3759; x_wconf 91' lang='lat' dir='ltr'>deducta</span> <span class='ocrx_word' id='word_1_254' title='bbox 612 3693 665 3758; x_wconf 92' lang='lat' dir='ltr'>sed</span> <span class='ocrx_word' id='word_1_255' title='bbox 692 3693 835 3778; x_wconf 89' lang='lat' dir='ltr'>paulatim</span> <span class='ocrx_word' id='word_1_256' title='bbox 866 3692 1041 3778; x_wconf 89' lang='lat' dir='ltr'>sensimque</span> <span class='ocrx_word' id='word_1_257' title='bbox 1064 3702 1191 3759; x_wconf 88' lang='lat' dir='ltr'>tenuata.</span> 
     </span>
     <span class='ocr_line' id='line_1_33' title="bbox 124 3799 1192 3885; baseline 0.001 -22"><span class='ocrx_word' id='word_1_258' title='bbox 124 3799 171 3864; x_wconf 87' lang='lat' dir='ltr'>Ex</span> <span class='ocrx_word' id='word_1_259' title='bbox 194 3799 308 3885; x_wconf 92' lang='lat' dir='ltr'>quibus</span> <span class='ocrx_word' id='word_1_260' title='bbox 342 3810 496 3885; x_wconf 88' lang='lat' dir='ltr'>porrectae</span> <span class='ocrx_word' id='word_1_261' title='bbox 528 3801 557 3865; x_wconf 94' lang='lat' dir='ltr'>in</span> <span class='ocrx_word' id='word_1_262' title='bbox 592 3800 722 3885; x_wconf 89' lang='lat' dir='ltr'>pedibus</span> <span class='ocrx_word' id='word_1_263' title='bbox 754 3800 895 3885; x_wconf 90' lang='lat' dir='ltr'>plantae,</span> <span class='ocrx_word' id='word_1_264' title='bbox 928 3800 1026 3885; x_wconf 89' lang='lat' dir='ltr'>digitis</span> <span class='ocrx_word' id='word_1_265' title='bbox 1060 3799 1192 3865; x_wconf 90' lang='lat' dir='ltr'>munitae</span> 
     </span>
    </p>
   </div>
   <div class='ocr_carea' id='block_1_3' title="bbox 124 3903 1193 4077">
    <p class='ocr_par' dir='ltr' id='par_1_3' title="bbox 124 3903 1193 4077">
     <span class='ocr_line' id='line_1_34' title="bbox 124 3903 1193 3991; baseline -0.002 -21"><span class='ocrx_word' id='word_1_266' title='bbox 124 3903 310 3983; x_wconf 89' lang='lat' dir='ltr'>bellissimis,</span> <span class='ocrx_word' id='word_1_267' title='bbox 323 3903 587 3991; x_wconf 90' lang='lat' dir='ltr'>incomparabilem</span> <span class='ocrx_word' id='word_1_268' title='bbox 612 3907 735 3991; x_wconf 88' lang='lat' dir='ltr'>prorsus</span> <span class='ocrx_word' id='word_1_269' title='bbox 755 3905 898 3972; x_wconf 88' lang='lat' dir='ltr'>decorem</span> <span class='ocrx_word' id='word_1_270' title='bbox 922 3915 952 3972; x_wconf 85' lang='lat' dir='ltr'>et</span> <span class='ocrx_word' id='word_1_271' title='bbox 974 3904 1193 3991; x_wconf 87' lang='lat' dir='ltr'>immaginantis</span> 
     </span>
     <span class='ocr_line' id='line_1_35' title="bbox 259 4013 755 4077; baseline -0.002 -46"><span class='ocrx_word' id='word_1_272' title='bbox 259 4013 279 4077; x_wconf 77' lang='grc'><strong>6</strong></span> <span class='ocrx_word' id='word_1_273' title='bbox 754 4027 755 4030; x_wconf 74' lang='grc'>,</span> 
     </span>
    </p>
   </div>
   <div class='ocr_carea' id='block_1_4' title="bbox 0 0 1490 4730">
    <p class='ocr_par' dir='ltr' id='par_1_4' title="bbox 0 0 1490 4730">
     <span class='ocr_line' id='line_1_36' title="bbox 0 0 1490 4730; baseline 0 0"><span class='ocrx_word' id='word_1_274' title='bbox 0 0 1490 4730; x_wconf 95' lang='lat' dir='ltr'> </span> 
     </span>
    </p>
   </div>
  </div>
 </body>
</html>
