2970 4730
749 351 923 430 *136-
1001 407 1003 414 .

314 561 321 569 ·
394 529 572 594 bedonio-os.
596 527 724 604 Quaeso,
748 525 904 611 patientia,
928 543 1024 611 quare
1046 525 1140 594 animi
1161 525 1373 594 moderatione

306 643 338 700 tu
362 633 398 700 ab
421 634 479 699 illis
501 633 556 698 ista
578 631 822 718 perpetiebarisl

394 738 575 806 Aboaoder.
599 739 663 823 Ego
685 736 811 822 quidem
834 734 976 801 levissimi
1002 735 1132 802 bominis
1148 757 1181 803 ae
1197 757 1291 823 prope
1316 736 1371 804 de-

308 845 356 912 liri
379 865 446 912 esse
469 863 591 930 semper
613 842 772 908 arbitratus
795 861 864 908 sum
888 840 1056 919 Ludovice,
1088 843 1263 928 quempiam
1292 843 1373 910 velle

307 958 404 1019 senet
425 948 555 1034 propriis
579 945 720 1012 laudibus
745 945 898 1022 decorare,
921 945 1005 1030 quod
1021 965 1078 1012 nee
1094 966 1183 1012 verae
1198 947 1295 1012 laudis
1311 947 1375 1012 vim

306 1051 406 1120 habet.
430 1053 534 1139 Atque
551 1061 705 1138 praeterea
721 1052 746 1116 si
762 1050 917 1136 supplicia,
935 1049 959 1114 si
973 1051 1135 1128 eruciatus,
1158 1051 1184 1116 si
1207 1053 1376 1137 equuleum

307 1168 475 1226 constanter
512 1177 546 1223 ao
579 1157 695 1223 fortiter
728 1157 878 1242 quispiam
903 1176 935 1222 se
959 1157 1112 1223 tollerasse
1136 1157 1374 1242 praedicaverit3

307 1265 333 1330 si
356 1263 513 1329 tormentis
536 1265 681 1344 laceratus
705 1261 849 1328 eumdem
872 1261 903 1326 in
926 1263 1011 1327 vultu
1042 1263 1175 1348 vigorem
1210 1261 1373 1341 babuisse,

307 1370 477 1454 eodemque
499 1369 609 1434 mentis
632 1367 734 1433 babitu
758 1367 862 1444 luisse,
886 1375 920 1432 ut
942 1376 1102 1453 superante
1126 1368 1233 1434 laetitia
1253 1366 1373 1434 dolores

308 1473 428 1539 videndi
451 1473 584 1559 speciem
605 1472 779 1558 praebuisse
803 1490 835 1537 so
859 1470 945 1549 dieat,
970 1491 1069 1538 nonne
1092 1473 1174 1538 huno
1189 1481 1219 1538 et
1234 1472 1373 1558 ineptum

308 1576 507 1645 iudicabimus
529 1585 559 1642 et
580 1577 744 1642 insolenter
767 1594 799 1640 se
822 1575 1000 1652 iactantem,
1026 1584 1056 1641 ot
1079 1576 1166 1661 plane
1190 1575 1247 1642 hoe
1269 1576 1373 1660 ipsum

307 1682 552 1761 affirmabimus?
575 1684 638 1768 Ego
661 1690 763 1748 autem
785 1680 975 1746 verissimam
998 1681 1133 1748 Davidioi
1162 1681 1271 1768 psalmi
1302 1701 1371 1764 sen·

308 1792 432 1857 tentiam
455 1800 567 1857 teneo:

395 1898 467 1962 Neo
490 1899 572 1962 nobis
594 1898 743 1974 Domine,
779 1914 839 1962 non
872 1897 978 1972 nobis,
1012 1897 1062 1962 seo
1095 1897 1284 1962 nominituo
1287 1942 1372 1959 ........

307 2004 365 2084 (do
385 1999 541 2087 ploriom).

315 2265 319 2270 .
396 2211 553 2296 (blancano
578 2211 657 2279 forse
680 2212 775 2298 poohe
798 2211 928 2299 pagine).
