2970 4730
567 321 742 386 -lltl-

116 501 228 566 atoottia
252 498 515 578 Costontioopoloht
537 501 690 575 accersiri,
714 499 766 578 qni
785 515 861 578 proc
883 504 930 574 to,
954 501 1028 563 celso
1051 519 1089 564 occ
1112 507 1182 565 tecto

116 607 146 671 re
168 609 241 671 dent
262 609 295 669 io
317 608 379 669 imo
397 607 583 686 praecipites,
607 624 661 669 noo
685 623 800 685 quoqne
822 606 922 668 itidooo
944 607 1098 687 scommata.
1123 607 1184 684 Qni

116 729 186 774 acro
199 719 293 800 torto
316 721 389 774 coeo
403 711 525 773 tttoosos
540 710 760 793 inopinatosque
776 711 956 784 anrrorcorit,
973 711 1064 789 hnjna
1077 713 1183 792 procul

115 803 205 880 dolio
228 823 256 880 et
273 817 396 896 probior
419 823 446 879 ct
467 818 599 880 sanctior
621 811 724 898 roliqio
742 815 883 894 potando
905 823 955 878 eet.
984 815 1042 882 Coi
1065 818 1182 892 mrito,

116 929 167 985 too
184 923 279 1002 jusso
301 928 328 986 et
349 923 472 1002 irnperio
496 921 643 984 Parnassi
665 923 774 984 montis
797 923 978 986 monasterio
1001 922 1185 986 decernendo

115 1010 188 1096 anot
211 1040 300 1110 otqoo
322 1031 477 1094 tradendo.
494 1027 682 1112 Propositam
698 1045 775 1105 rem,
799 1045 908 1094 novam
924 1045 995 1092 sane
1012 1034 1041 1091 et
1056 1025 1184 1091 arduam

116 1131 304 1220 nimiamque
326 1134 417 1199 simul
441 1142 611 1199 sanctorum
635 1152 761 1198 suorum
777 1131 989 1200 confidentiam
1005 1135 1072 1200 Rex
1087 1131 1183 1198 admi-

117 1249 221 1318 ratus,
252 1241 323 1306 cum
354 1239 384 1305 id
415 1240 586 1324 periculum
617 1239 746 1306 aliorum
779 1238 953 1304 discrimine
976 1239 1186 1324 temptandum

117 1346 195 1412 loret
218 1344 404 1431 perficiendi
420 1364 494 1422 rem,
519 1364 624 1430 magna
648 1353 773 1430 repente
797 1344 919 1411 incessit
941 1342 1060 1429 cupido.
1077 1342 1184 1410 Accer-

116 1453 249 1538 sitosque
271 1451 348 1517 duos
370 1451 508 1516 Parnassi
532 1451 642 1516 montis
666 1450 847 1536 Calogeros‚
880 1450 964 1516 iubet
986 1468 1038 1516 eos
1061 1449 1184 1516 sublimi

117 1557 155 1624 c'x
177 1555 262 1632 aede,
286 1555 406 1621 duobus
429 1573 499 1620 cum
523 1547 631 1621 sanctis
654 1554 717 1620 suis
741 1563 792 1620 aut
814 1555 893 1620 ultro
917 1573 949 1619 se
973 1553 1055 1638 ipsos
1074 1553 1182 1619 demit·

116 1671 192 1738 tere,
215 1668 266 1725 aut
287 1659 316 1724 vi
339 1659 484 1744 impulsos
508 1659 686 1744 praecipites
710 1657 795 1724 dari:
829 1659 963 1743 Urgente
993 1666 1095 1752 autem
1117 1657 1184 1726 dira

116 1755 171 1831 hac
194 1765 275 1849 regia
297 1765 439 1841 iussione,
463 1765 556 1829 sancti
579 1781 612 1829 se
635 1783 668 1829 se
691 1764 822 1830 ultronei
845 1763 1057 1851 praecipitant,
1078 1783 1184 1850 repu-

116 1879 241 1956 gnantes
263 1889 335 1936 vero
358 1864 504 1956 Celegeri,
528 1865 606 1935 illata
630 1870 659 1935 vi
682 1868 841 1956 depellunt
862 1870 900 1936 ad
924 1870 1028 1936 infera.
1053 1869 1102 1937 Oh
1124 1889 1184 1936 ma·

116 1998 211 2064 gnum
227 1996 298 2043 sane
314 1976 586 2062 admirandumque
609 1985 795 2062 portentum,
819 1996 880 2064 quo
896 1977 1041 2042 nimirum
1066 1984 1096 2043 et
1118 1996 1184 2061 pro

116 2083 194 2150 bitas
209 2082 394 2148 Christianae
410 2081 561 2166 religionis
578 2089 607 2146 et
623 2081 815 2166 prophanitas
837 2081 1065 2151 Mahumetanae
1085 2089 1183 2148 aeetae

116 2188 355 2255 luculentissime
390 2188 485 2253 extitit
520 2187 688 2254 declarata!
723 2187 800 2255 Nam
822 2190 982 2275 quassatis
1005 2188 1185 2274 detritisqne

117 2294 258 2362 omnibus
281 2303 452 2360 sanctorum
474 2294 622 2359 membris
646 2294 751 2380 eisque
774 2296 896 2364 omnino
919 2295 1085 2363 iacentibus
1107 2309 1185 2361 mors

116 2402 186 2478 tuis,
204 2400 339 2485 Calogeri
357 2401 522 2466 incolumes
537 2409 628 2486 atque
651 2402 720 2467 laeti
742 2401 823 2467 illico
845 2421 1016 2468 surrexere.
1034 2403 1117 2481 Quae
1133 2421 1184 2470 res

117 2516 147 2572 et
170 2506 392 2590 amplissimum
423 2504 610 2571 Christianae
633 2505 705 2571 fidei
728 2506 935 2573 testimonium
957 2506 1095 2573 maximo
1120 2516 1184 2573 stu·

116 2616 184 2702 pori
206 2624 295 2701 atque
318 2616 472 2693 miraculo,
488 2615 568 2699 plebi
592 2613 932 2699 Constantinopolitanae
956 2612 1100 2679 Turcisve
1123 2632 1184 2678 non

114 2723 215 2789 solum
237 2720 302 2787 luit.
325 2723 443 2790 Verum
467 2720 557 2787 etiam
579 2719 610 2785 in
633 2727 743 2786 antam
766 2738 836 2804 erga
852 2718 1012 2804 Calogeros
1039 2717 1179 2784 humani·

116 2839 208 2896 tatem
230 2811 523 2914 benivolentiamque
546 2828 714 2914 principem
737 2826 870 2905 adduxit,
894 2835 929 2892 ut
951 2827 1018 2892 illos
1039 2826 1183 2912 deinceps

115 2943 273 3020 protegere
296 2942 326 2999 et
348 2932 450 2999 lovere
473 2933 556 2998 omni
579 2931 730 3018 diligentia
753 2942 843 3019 atque
866 2930 964 2998 officio
987 2933 1108 3018 penitus
1138 2931 1183 2997 vi·

116 3041 231 3105 deatur.
250 3041 298 3104 Et
327 3059 388 3124 quo
412 3039 544 3105 fortassis
576 3048 691 3105 ostento
720 3048 912 3124 suspectam,
944 3038 1068 3117 dicunt,
1100 3057 1183 3104 nune

116 3143 222 3208 haheat
243 3142 475 3210 Mahumeticam
497 3140 591 3208 fidem
614 3143 639 3208 si
662 3142 753 3210 modo
771 3142 859 3221 fides,
876 3143 1018 3228 religione
1033 3143 1183 3209 censenda

116 3249 162 3324 sit,
180 3257 210 3313 et
223 3268 240 3313 a
255 3248 317 3314 suis
333 3267 455 3335 quoque
478 3258 618 3314 neutram
635 3257 685 3314 aut
702 3249 816 3315 nullam
838 3248 933 3316 fidem
957 3250 1046 3335 vulgo
1069 3248 1183 3314 hahere

117 3354 242 3432 dicatur,
266 3353 321 3419 sed
342 3353 403 3419 fide
426 3367 546 3439 anceps,
570 3354 744 3442 dubiusque
767 3365 952 3440 permaneat.

204 3461 384 3527 Lodooicne.
400 3462 501 3546 Vulgo
517 3460 613 3527 fertur
630 3462 799 3528 Turcarum
816 3463 1030 3546 imperatorem
1053 3461 1185 3527 maximo

114 3584 256 3650 praeesse
280 3585 393 3651 regno,
417 3567 548 3631 multum
571 3566 621 3631 ille
644 3576 744 3643 terra,
768 3567 997 3651 plurimumque
1020 3567 1095 3631 mari
1118 3567 1184 3651 pol·

116 3671 190 3748 lere,
214 3669 296 3756 quod
319 3668 494 3735 Christianis
518 3670 556 3737 de
578 3670 631 3736 illo
653 3689 834 3755 magnopere
858 3670 1025 3736 verendum
1048 3671 1114 3739 sit?
1156 3727 1160 3734 .

202 3775 383 3844 dlecondor.
408 3778 599 3862 Quamquam
615 3797 676 3842 uno
692 3776 785 3842 verho
802 3776 1004 3862 virgilianum
1024 3777 1111 3858 illud,
1128 3777 1185 3845 hoc

114 3882 153 3948 de
177 3882 315 3968 principe
340 3884 508 3950 ancarum
524 3883 578 3950 hac
594 3892 771 3970 tempestate
798 3883 857 3950 dici
880 3885 993 3970 possit:
1020 3887 1080 3968 Oai
1102 3906 1186 3957 marc

117 4009 197 4054 niorto
221 3998 320 4055 ternos
344 4000 423 4056 roceto
447 3994 616 4073 crotatonque
638 3994 756 4076 fatigat,
780 3995 961 4074 servitioque
978 3997 1097 4076 promit.
