2932 4728
527 351 703 416 ..37ss

93 531 140 618 qni
161 531 221 596 mei
243 548 346 596 comes
369 529 482 595 itineris
506 538 588 604 erat,
620 528 720 593 nescio
750 547 809 614 qua
832 536 911 594 sorte
934 547 1024 593 crure
1052 529 1145 606 laevo,

94 636 321 702 bombardorum
344 635 441 720 lapide
464 644 629 720 utcumque
653 634 799 700 detonsus
832 643 886 699 est.
915 633 1034 718 Quique
1058 633 1147 720 lapsis

94 743 184 809 terme
206 745 358 829 sexaginta
382 742 489 808 diebus
512 764 528 808 a
551 743 651 828 plaga,
676 762 736 828 qno
760 742 859 826 palmo
883 740 1011 826 duplicis
1034 743 1148 826 magni·

95 847 191 912 tudine
222 869 276 934 par
307 857 379 926 erat,
402 848 537 914 cicatrice
561 847 707 924 obducta,
732 846 867 913 redditus
890 847 1032 932 pristinae
1056 849 1151 913 extitit

94 945 219 1034 sanitati,
244 965 278 1021 ut
300 955 348 1020 vel
371 956 529 1040 paululum
551 953 737 1020 claudicaret.
763 953 854 1019 Tadei
877 954 1080 1020 Ferrariensis
1103 955 1152 1020 vel

95 1063 278 1148 rebquornm
301 1063 467 1139 comitum,
491 1081 580 1128 nemo
611 1062 671 1127 ictu
702 1061 765 1127 ullo
789 1070 834 1126 est
865 1061 1018 1127 lacessitus
1051 1081 1151 1147 neque

95 1169 224 1253 quinque
247 1166 372 1253 quidem
394 1167 502 1232 tratres
536 1167 588 1252 qui
615 1165 652 1230 ad
671 1164 755 1252 jussa
788 1165 947 1250 apostolica
970 1165 1000 1230 in
1033 1166 1153 1252 Syriam

96 1273 273 1358 perficienda
290 1273 511 1358 navigabamus.
529 1272 578 1338 Ad
592 1292 684 1358 quam
708 1291 769 1338 uno
793 1291 899 1338 mense
915 1273 1033 1358 appulsi
1056 1293 1154 1359 quum

96 1397 244 1456 essemus,
276 1388 404 1464 postque
434 1379 512 1443 celsa
539 1377 661 1442 Libanis
684 1377 795 1444 montis
814 1376 887 1463 juga
909 1377 947 1442 ad
969 1397 1063 1462 quem
1095 1397 1154 1444 una

96 1483 342 1560 conscendimus,
375 1484 497 1552 Maximi
520 1483 673 1550 Pontificis
696 1483 787 1570 (Sixti
810 1483 927 1568 Quarti)
958 1503 1085 1550 munera
1108 1483 1156 1570 (l)

97 1589 279 1657 Antiocheno
310 1591 525 1659 Maronitarum
567 1590 755 1656 Patriarchae
786 1589 944 1655 nobiscum
987 1590 1157 1675 perferren-

97 1707 154 1776 tes;
176 1699 326 1782 plenarias
360 1697 468 1763 lubilei
503 1696 702 1782 indulgentias
737 1697 799 1762 suis
834 1697 959 1763 tribulas
994 1698 1158 1775 Ecclesiis,

98 1802 168 1868 sicut
189 1804 350 1888 apostolica
372 1802 577 1887 imperabatur
600 1801 702 1877 bulla,
728 1800 872 1886 Cypriam
896 1802 1006 1868 exinde
1030 1803 1159 1888 regressi

99 1928 198 1974 sumus
233 1911 373 1975 insulam.
397 1910 436 1974 Et
458 1909 498 1974 ibi
534 1909 731 1994 quamplures
766 1918 835 1973 sunt
869 1909 965 1994 gentis
1001 1910 1159 1978 Maronita·
1239 1979 1240 1984 ,

100 2034 173 2094 rum,
195 2017 310 2102 quibus
332 2015 443 2100 pariter
467 2015 619 2080 lubileum
642 2015 855 2099 praestitimus.
872 2015 911 2080 Et
934 2015 1042 2081 exhinc
1065 2016 1161 2080 ventis

45 2157 52 2180 .
101 2121 164 2200 lati,
187 2132 307 2209 postera
330 2123 379 2188 die
402 2125 544 2205 lappam,
568 2142 660 2208 quam
695 2123 785 2208 vulgo
808 2125 936 2206 lophem
969 2132 1161 2208 nuncupant3

100 2230 240 2312 oppidum
272 2229 424 2315 quondam
455 2248 543 2294 muro
568 2229 678 2315 ririsqe
694 2231 857 2307 munitum,
875 2229 964 2295 modo
987 2240 1088 2295 antem
1104 2230 1165 2295 rni-

102 2335 143 2399 nis
164 2345 301 2413 stratum,
324 2337 548 2421 applicavimus.
572 2335 707 2422 lndequc
729 2357 876 2422 passuum
900 2339 1034 2404 millibus
1058 2338 1163 2404 decem

101 2441 259 2510 damulam
282 2443 391 2508 urbem
414 2443 563 2507 venimus.
579 2445 614 2508 ln
631 2463 690 2528 qna
707 2443 744 2508 ud
762 2445 825 2510 loca
848 2454 946 2510 sancta
969 2445 1164 2531 peregrinan-

102 2555 142 2610 tes
163 2547 231 2614 bina
256 2556 474 2613 commorantes
498 2547 563 2624 die,
596 2547 626 2612 in
657 2547 786 2614 fratrum
818 2549 911 2615 nostri
936 2549 1050 2614 ordinis
1074 2549 1165 2616 domo

102 2672 187 2738 quarn
210 2654 383 2720 humaniter
414 2655 529 2740 excepti
560 2654 683 2720 fuimus.
715 2657 836 2740 Quique
868 2654 999 2720 exhinc
1029 2656 1165 2721 millibus

104 2759 187 2827 XXX
209 2761 248 2826 ad
284 2762 422 2826 Sanctam
456 2781 494 2826 ex
517 2760 678 2845 Evangelio
708 2760 857 2825 civitatem
891 2761 1100 2826 ler'osolimam
1135 2761 1167 2827 in

105 2867 252 2932 montibus
276 2865 371 2943 sitam,
395 2865 635 2931 conscendimus.
653 2864 712 2932 Ubi
729 2864 944 2950 redemptionis
961 2874 1078 2932 nostrae
1095 2866 1167 2935 locis

106 2973 240 3039 omnibns
264 2972 384 3058 passim
399 2971 646 3058 pedetentimque
670 2971 897 3057 perambulatis,
922 2973 1010 3039 multi
1032 2973 1167 3060 peregri·

107 3095 210 3145 norum
234 3079 271 3144 ad
295 3079 387 3164 Synai
417 3089 573 3158 montem,
605 3088 635 3145 et
658 3078 801 3165 reliquias
825 3079 1014 3147 beatissimae
1037 3081 1169 3147 martiris

107 3181 282 3253 Xatherinae
305 3184 442 3250 visendas
472 3187 584 3271 pariter
615 3197 644 3252 et
673 3185 838 3256 adorandas
871 3195 1056 3253 transmeare
1079 3187 1169 3269 etiam

109 3287 276 3358 insuevere.

129 3437 132 3440 -
189 3399 370 3462 bodonicus.
395 3395 469 3463 lllihi
485 3396 555 3461 satis
570 3397 623 3462 abs
639 3406 668 3461 te
684 3396 764 3462 hand
783 3396 904 3473 lactum,
923 3396 1023 3461 bacin
1048 3393 1170 3478 regione

108 3495 241 3582 arbitror,
266 3499 309 3566 mi
321 3499 502 3566 Alexander.
520 3500 596 3580 Quia
619 3509 679 3564 tam
695 3499 781 3566 brevi
804 3499 915 3585 vixque
938 3507 1171 3564 commemorata

109 3673 321 3695 ...ω-ι·-

175 3757 214 3827 (t)
233 3755 328 3822 Questi
345 3755 409 3813 doni
424 3754 612 3813 consisterano
633 3752 662 3810 in
675 3768 730 3810 uua
751 3767 827 3810 croco
845 3751 991 3825 d’argento
1011 3759 1172 3826 tempestate

111 3835 136 3891 dl
153 3841 237 3912 pietro
255 3843 383 3916 preciose,
402 3842 431 3899 in
450 3841 600 3915 paramenti
612 3839 768 3914 patriarcali
780 3839 810 3898 di
829 3848 895 3909 seta,
914 3840 943 3897 in
961 3840 1025 3898 libri
1043 3841 1172 3912 stampati

110 3923 135 3980 in
153 3929 278 3988 Caldaieo
295 3930 329 3988 ed
347 3931 375 3988 in
393 3934 519 3997 Armeno,
538 3927 566 3984 in
584 3928 659 3988 varie
677 3927 800 3999 reliquie.
