2932 4728
741 321 916 385 ..5ss-

298 497 447 585 ejusmodi
471 497 605 582 spineam
630 496 722 562 luisse¹
745 498 816 563 satis
838 497 978 576 arbitror,
995 499 1064 584 quia
1082 508 1111 563 et
1127 498 1217 584 lrujus
1240 499 1365 584 generis

296 604 411 672 arboris
435 623 494 668 non
516 602 680 669 admodum
702 604 806 679 celsas,
830 603 871 668 ibi
897 605 1090 690 potissimum
1106 607 1178 672 oriri
1206 611 1364 693 conspexi.

296 712 373 778 Nam
389 730 506 776 memor
523 711 607 776 istius
631 712 786 796 Mosayeae
804 711 925 776 visionis
948 713 1019 778 cum
1037 722 1136 777 mente
1163 714 1364 781 intentissima

296 821 536 908 perlustrarem,
560 839 708 905 quaenam
740 818 829 884 arbor
852 829 903 885 aut
925 819 1015 904 stirps
1046 819 1153 886 llubus
1177 821 1227 885 ille
1250 820 1364 886 ardens

296 945 363 992 esse
388 925 542 1010 potuisset,
570 924 730 1009 perspexi3
754 943 851 1010 quum
874 932 980 989 cuncta
1004 923 1181 990 incircuitu
1205 925 1283 992 ultro
1306 945 1364 992 na·

295 1032 415 1105 scentia,
447 1038 565 1114 praeter
596 1029 744 1095 eiusmodi
775 1029 893 1113 spineas
923 1028 1063 1104 arbores,
1093 1028 1276 1113 virgultum,
1308 1041 1365 1098 aut

293 1138 402 1213 arbos,
436 1145 487 1203 aut
521 1137 657 1211 lrast'lia,
693 1136 881 1202 exoriuntur.
914 1137 1012 1214 Quam
1047 1134 1086 1200 ob
1116 1155 1237 1201 causam
1272 1138 1364 1204 istam

294 1243 388 1308 luisse
412 1243 533 1309 visionis
558 1243 709 1318 arborem,
740 1241 907 1327 conjectare
933 1251 1023 1326 atque
1055 1241 1157 1316 videre
1175 1251 1211 1308 et
1233 1242 1364 1309 credere

293 1351 431 1436 protinus
454 1370 522 1416 sum
558 1348 742 1434 compulsus.
769 1350 822 1413 Est
844 1357 943 1413 antem
975 1347 1065 1414 arbor
1088 1349 1150 1434 ipsa
1175 1350 1365 1435 proceritatis

293 1458 363 1522 mali
387 1458 499 1543 punici,
522 1456 609 1542 cujus
632 1456 748 1522 lructus
771 1455 899 1521 bacchae
926 1474 1018 1541 quam
1046 1456 1189 1530 minutae,
1213 1457 1244 1521 in
1266 1457 1364 1522 ramis

293 1584 415 1650 quoque
439 1565 532 1650 magis
556 1564 692 1630 sentibus
715 1563 877 1630 acutissimi
901 1562 1097 1647 oblongisque
1120 1561 1222 1628 densa.

382 1670 561 1736 bodonicus.
585 1670 709 1735 Praeter
735 1667 815 1733 bunc
839 1667 961 1733 visionis
977 1667 1077 1732 locum
1101 1667 1207 1733 eadem
1231 1668 1261 1733 in
1284 1667 1363 1732 aede

293 1793 367 1839 num
391 1773 471 1840 aliud
496 1783 666 1840 memoratu
691 1773 840 1858 dignum‘l

381 1879 563 1945 Alexander.
577 1879 703 1945 Sacrum
716 1888 746 1944 et
758 1877 832 1943 illnd
848 1895 1047 1961 summaeque
1063 1877 1261 1943 venerationis
1276 1877 1364 1942 cultu

293 1984 484 2069 perdignum,
508 1983 626 2069 Corpus
649 1985 842 2051 Beatissimae
873 1983 1006 2068 Virginis
1034 1983 1225 2068 ltlartirisque
1248 1983 1365 2049 Katha-

293 2091 386 2168 rinae,
411 2091 517 2177 priscis
540 2090 693 2176 quondam
716 2091 904 2175 temporibus
928 2089 1045 2176 lapideo
1072 2088 1226 2155 conditum
1251 2090 1280 2153 in
1296 2109 1364 2154 sar-

293 2196 425 2281 cophago
442 2197 571 2262 locatum
587 2197 692 2272 extitit,
717 2197 804 2283 cujus
820 2197 912 2263 modo
928 2197 1042 2263 ossium
1059 2196 1156 2281 portio
1173 2204 1287 2261 tantum
1304 2206 1364 2261 est.

380 2305 560 2368 Ludoeicns.
585 2303 699 2388 Flagito
722 2305 860 2389 quisnam
877 2304 947 2369 tanti
973 2303 1120 2388 sacrilegii
1136 2302 1219 2368 nelas
1241 2312 1364 2387 patrare

293 2427 394 2484 ausus,
412 2417 445 2472 ut
465 2427 584 2473 sacrum
600 2427 710 2493 corpus
734 2427 837 2473 ossave
862 2409 996 2493 corporis
1019 2407 1128 2474 exinde
1144 2407 1364 2473 destruxerint.

292 2546 295 2556 ι
382 2512 564 2579 Alenonder.
588 2513 664 2578 Auri
688 2532 769 2578 saera
793 2511 887 2577 fames
911 2521 940 2576 et
963 2513 1100 2577 omnium
1124 2514 1274 2577 malorum
1291 2511 1363 2576 lons

294 2617 451 2702 cupiditas,
469 2637 547 2704 qrrae
567 2617 741 2702 inexplebili
758 2617 806 2682 siti
829 2615 969 2700 flagrans,
986 2616 1129 2701 calogeris
1143 2615 1365 2681 Basiliensibus

289 2833 368 2916 tyris
391 2853 456 2898 ossa
483 2841 574 2918 atque
604 2831 751 2898 membra.
776 2831 895 2916 Quippe
926 2830 977 2914 qui
1003 2840 1037 2894 ut
1059 2830 1096 2895 ab
1120 2829 1236 2895 eisdem
1259 2829 1366 2914 accepi

295 2935 509 3002 Sacerdotibus
533 2937 655 3003 Graecis
670 2945 760 3021 atque
783 2934 946 3010 Monachis,
965 2935 1011 2999 vel
1026 2934 1063 2998 ad
1079 2934 1178 3019 alique
1195 2934 1363 3011 Monachis,

292 3042 342 3107 vel
365 3042 402 3107 ad
424 3043 596 3129 aliquorum
623 3043 790 3128 potentium
821 3040 964 3106 amicitias
995 3040 1225 3125 comparandas,
1251 3042 1298 3106 vel
1322 3041 1363 3106 ad

288 2724 364 2790 lecit
387 2726 487 2792 omnia
514 2745 581 2791 esse
613 2725 736 2798 venalia,
768 2723 858 2788 etiam
881 2732 911 2787 et
934 2722 1015 2807 ipsae
1047 2723 1261 2788 sacratissimae
1284 2722 1367 2787 niar-
1464 2741 1465 2770 r

1463 2805 1465 2920 l

293 3147 454 3234 pecuniam
484 3167 674 3235 muneraque
704 3144 916 3234 conquerenda
940 3153 1054 3211 tantum
1079 3145 1227 3232 nequitiae
1251 3144 1362 3211 admit·

297 3265 360 3318 tere
384 3251 517 3338 adgressi
540 3263 618 3319 sunt.

384 3360 553 3427 Lavdooicus
587 3363 681 3440 Quota
704 3358 796 3425 saneti
823 3358 958 3445 eorporis
985 3357 1084 3443 portio
1107 3357 1161 3424 hac
1183 3365 1363 3443 tempestate
1464 3349 1465 3380 l

296 3484 332 3528 oo
354 3464 385 3527 in
409 3465 526 3529 tumulo
549 3463 711 3529 cernitur?

274 3611 278 3618 -
384 3570 565 3636 Ateconder.
598 3571 690 3634 Parva
723 3569 887 3636 admodum
922 3569 975 3636 sed
1011 3569 1108 3655 potior
1140 3578 1249 3637 tamen.
1282 3568 1363 3633 Nam
1464 3615 1465 3686 }

296 3675 485 3741 beatissimae
507 3677 647 3762 martyris
665 3675 756 3762 hujus
773 3677 925 3761 integrum
949 3687 1038 3764 caput
1060 3676 1257 3762 subnigram,
1282 3674 1363 3740 sicca

290 3789 364 3866 cute
386 3792 571 3866 coopertum,
588 3783 692 3850 dextra
709 3803 817 3856 manus
841 3785 948 3868 pollice
964 3795 993 3850 et
1009 3785 1135 3851 minimo
1159 3784 1249 3868 digito
1273 3782 1358 3868 priva

297 3885 521 3972 unguibusque,
546 3899 645 3953 tamen
670 3899 700 3954 et
721 3897 869 3956 eontracta
893 3891 979 3974 pelle·¹
996 3891 1126 3970 decora,
1150 3890 1248 3959 cruris
1272 3907 1305 3955 os
1328 3886 1361 3952 id
