2970 4730
725 383 763 394 -
783 345 900 413 ffl-

277 525 452 614 qnindecim
474 523 571 593 lerme
594 525 742 589 annorum
765 522 864 607 puella
887 519 1000 606 passim
1015 539 1070 606 per
1085 519 1235 587 civitatem
1249 539 1348 586 manu

278 633 316 700 ad
338 652 461 699 manum
485 627 661 697 deducebat.
685 631 768 709 Quae
791 621 976 694 non'solum
998 628 1029 693 in
1052 627 1165 712 plateis,
1189 625 1242 693 sed
1266 626 1349 692 etin

279 738 408 823 compito
432 737 564 812 riarum,
588 731 709 820 quando
731 732 948 819 quamplurimi
970 730 1198 798 convenissent:
1227 732 1350 798 cunctis

278 843 505 930 aspectantibus,
529 839 625 928 (quod
648 838 762 906 dictum
784 859 907 926 quoque
929 832 1139 905 foedissimum
1162 837 1219 924 est)
1247 836 1349 904 homi·

279 950 326 1015 nis
349 949 465 1025 virilia,
496 944 606 1030 insigni
628 943 721 1010 animi
746 944 875 1031 quadam
897 944 1007 1031 pietate
1030 942 1207 1009 mollissime
1229 951 1349 1030 pertra-

279 1056 384 1121 cubat.
408 1055 506 1133 Quam
528 1049 790 1138 flagitiosissimam
813 1069 938 1136 prorsus
960 1061 1050 1138 atque
1072 1049 1231 1116 nefandam
1246 1049 1350 1116 obsce·

280 1160 412 1237 nitatem,
436 1158 576 1224 Saraceni
598 1177 657 1223 non
681 1156 864 1234 obscenitati,
887 1156 942 1224 sed
965 1157 1121 1234 sanctitati,
1138 1157 1201 1222 suis
1220 1154 1350 1241 perditis

280 1263 417 1331 moribus
439 1264 535 1329 insani
558 1263 652 1349 magis
674 1283 708 1329 ac
730 1262 825 1349 magis
847 1262 1038 1348 deputabant.
1061 1263 1101 1329 Et
1122 1261 1204 1349 quod
1220 1261 1282 1348 ipsa
1298 1279 1351 1327 na·

280 1380 347 1436 tura
369 1368 456 1444 duee,
472 1367 630 1434 celandum
653 1367 773 1452 penitus
796 1366 1060 1454 obtegendumque
1087 1367 1267 1450 accepimus,
1292 1365 1349 1432 bos

280 1497 342 1542 non
365 1474 459 1560 pudet
481 1483 511 1541 et
531 1474 562 1540 in
585 1469 744 1560 propatulo
760 1473 790 1539 id
807 1475 908 1559 ipsum
921 1473 1024 1551 edere,
1041 1481 1072 1538 et
1085 1481 1235 1538 ostentare
1251 1472 1349 1538 omni*-

280 1582 360 1660 bus3
383 1599 480 1668 quum
514 1578 760 1666 quandoquidem
794 1580 826 1645 id
848 1580 948 1645 solum
971 1578 1073 1666 flagitii
1095 1578 1280 1665 principium
1301 1578 1348 1656 sit,

280 1697 316 1755 ut
337 1687 377 1753 ait
399 1687 536 1764 Ennius,
558 1690 638 1753 inter
659 1689 735 1754 cloes
756 1690 875 1752 cudere
897 1705 1032 1768 corporo.
1063 1684 1106 1751 At
1137 1704 1220 1752 vero·
1240 1695 1349 1750 eorum

282 1801 474 1869 sanctorum,
498 1790 550 1878 qui
575 1809 633 1856 nna
656 1789 686 1855 in
709 1789 860 1857 caenobiis
883 1790 1065 1867 convivunt,
1089 1797 1198 1876 quanta
1221 1788 1260 1854 sit
1282 1805 1350 1854 san·

281 1896 366 1964 ctitas
388 1896 436 1961 rel
458 1893 554 1981 qualis
577 1902 607 1959 et
628 1892 795 1960 audiamus.
819 1893 926 1960 Paucis
949 1911 1081 1979 namque
1104 1893 1214 1978 elapsis
1236 1893 1350 1959 mensi·

282 2003 362 2081 bus,
385 2021 482 2089 quum
512 2003 655 2083 Tripolim
678 2003 787 2084 Syriae
808 2019 858 2066 mc
881 2000 1096 2076 contulissem,
1120 1999 1158 2064 ad
1180 1999 1238 2065 boc
1260 2006 1351 2066 noctu

282 2107 486 2193 spectaculum
505 2125 525 2170 a
547 2104 697 2170 nobilibus
719 2106 844 2174 Venetis
867 2105 1146 2183 deductum-sum,
1177 2113 1212 2172 ut
1241 2099 1351 2172 corum

283 2211 430 2287 err-domo,
454 2210 485 2275 in
508 2209 635 2276 inierius
658 2209 769 2275 atrium
790 2211 975 2302 coniunctae,
1000 2210 1091 2288 domi,
1123 2229 1199 2296 quae
1230 2213 1351 2282 Mauro·

283 2337 354 2384 rum
376 2325 449 2394 crat,
473 2323 635 2382 contuerer
657 2315 818 2382 sanctitatis
840 2316 976 2396 istorum,
1000 2326 1031 2384 et
1055 2316 1250 2385 deliramenta
1273 2316 1351 2384 insa·
1461 2371 1462 2384 ,

283 2424 409 2509 niasque
431 2421 642 2508 permaximas.
665 2423 768 2502 Quum
790 2422 895 2508 plures
918 2423 1069 2510 siquidem
1091 2443 1130 2490 ex
1152 2424 1226 2509 ipsis
1260 2424 1351 2490 simul

283 2529 492 2608 convenerant,
508 2537 543 2594 ut
556 2526 664 2594 civitati
679 2537 840 2595 ostentaret
863 2538 973 2614 quanta
999 2530 1137 2616 vigerent
1157 2529 1351 2597 sanctimonia
1461 2599 1462 2618 χ

284 2645 315 2702 et
335 2634 481 2722 probitate
504 2633 706 2720 integerrima.
731 2633 950 2701 circumstante
973 2643 1076 2702 autem
1106 2655 1213 2722 magno
1246 2634 1351 2722 populi
1461 2719 1462 2728 ἵ

283 2749 370 2808 coetu
392 2750 423 2806 et
444 2740 563 2825 copioso
577 2739 655 2825 igne
677 2758 842 2818 succenso,
865 2749 1014 2825 ceperunt
1044 2741 1171 2808 istorum
1193 2739 1350 2819 nonnulli,
1461 2795 1462 2814 ,

283 2845 433 2932 pertensis
455 2845 627 2911 tunicarum
648 2839 772 2910 manicis
794 2864 886 2932 quam
909 2844 1103 2931 longissimis,
1125 2866 1159 2912 se
1181 2846 1263 2933 ipsos
1281 2846 1351 2912 cir·
1461 2829 1462 2832 ¹

283 2953 355 3018 cum
376 2969 465 3036 agere
483 2951 520 3016 -in
541 2950 652 3036 girum,
677 2959 756 3016 mnu
777 2950 806 3016 vi
829 2960 919 3037 atque
946 2953 1119 3037 pernicitate
1135 2951 1192 3039 (l),
1220 2962 1255 3020 nt
1270 2957 1352 3020 revo-

284 3059 352 3124 luto
370 3077 493 3144 quoque
515 3058 630 3143 capitis·
647 3058 772 3125 cerebro
795 3068 831 3124 et·
846 3059 937 3126 labris
967 3081 1089 3127 summe
1118 3061 1350 3148 spumantibus,

285 3173 363 3230 stare
384 3164 513 3249 amplius
536 3183 595 3229 non
618 3164 758 3242 valentes,
782 3175 850 3250 post
872 3167 1021 3233 morulam
1044 3168 1076 3232 in
1101 3176 1214 3235 terram
1241 3168 1349 3234 semia·

285 3273 382 3338 nimes
398 3271 580 3337 deciderent.
597 3265 728 3356 Postque
743 3272 863 3358 aliquod
879 3273 1024 3359 temporis
1039 3273 1241 3353 intervallum,
1264 3289 1350 3340 recu·

158 3369 163 3379 ’
284 3383 387 3464 peralc
402 3375 502 3442 animo
516 3383 605 3463 atque
620 3374 745 3455 viribus,
768 3377 853 3443 anolo
876 3377 999 3464 spiritu,
1017 3385 1140 3444 cunctae
1163 3378 1256 3472 plebi,
1274 3395 1351 3466 qnae

356 3647 395 3715 (t)
414 3643 486 3702 Scnc
502 3645 612 3720 questii
634 3645 730 3704 Derris
750 3644 892 3704 detractori
909 3646 958 3706 che
979 3647 1065 3706 anche
1084 3646 1173 3721 orqidl
1190 3647 1286 3706 banno
1304 3645 1352 3722 piri

285 3731 314 3790 di
332 3747 387 3788 nnc
405 3734 563 3791 moscheac
587 3733 800 3808 costantinopoli
823 3735 885 3793 eri
909 3734 1055 3794 attendero
1071 3733 1137 3794 alle
1147 3731 1292 3794 cerimonie
1309 3733 1352 3792 del

284 3819 343 3876 loro
359 3819 421 3888 rito,
439 3819 464 3878 le
480 3821 554 3894 quati
570 3819 725 3881 consistonc
742 3822 771 3880 in
789 3825 826 3880 nn
844 3822 902 3896 piro
915 3825 1059 3885 verticoso
1067 3825 1176 3887 intorno
1195 3839 1212 3882 a
1214 3821 1260 3926 st
1271 3815 1353 3884 stein

286 3907 343 3966 nco
360 3923 377 3966 a
394 3910 536 3971 unusne
553 3925 609 3970 nou
626 3911 729 4002 ceduno
746 3919 854 3972 tterrs
871 3911 1011 3985 spossnti.
1053 3923 1062 3932 ’
1295 3921 1340 3944 ·’
1461 3907 1462 3926 l
