<?xml version="1.0" encoding="UTF-8"?>
<!DOCTYPE html PUBLIC "-//W3C//DTD XHTML 1.0 Transitional//EN"
    "http://www.w3.org/TR/xhtml1/DTD/xhtml1-transitional.dtd">
<html xmlns="http://www.w3.org/1999/xhtml" xml:lang="en" lang="en">
 <head>
  <title>
</title>
<meta http-equiv="Content-Type" content="text/html;charset=utf-8" />
  <meta name='ocr-system' content='tesseract 3.04.00' />
  <meta name='ocr-capabilities' content='ocr_page ocr_carea ocr_par ocr_line ocrx_word'/>
</head>
<body>
  <div class='ocr_page' id='page_1' title='image "./viaggionellasir00ariogoog_0124.png"; bbox 0 0 2970 4730; ppageno 0'>
   <div class='ocr_carea' id='block_1_1' title="bbox 566 367 843 432">
    <p class='ocr_par' dir='ltr' id='par_1_1' title="bbox 566 367 843 432">
     <span class='ocr_line' id='line_1_1' title="bbox 566 367 843 432; baseline 0 0"><span class='ocrx_word' id='word_1_1' title='bbox 566 367 741 432; x_wconf 86' lang='grc'><strong>-119-</strong></span> <span class='ocrx_word' id='word_1_2' title='bbox 841 377 843 381; x_wconf 82' lang='grc'>’</span> 
     </span>
    </p>
   </div>
   <div class='ocr_carea' id='block_1_2' title="bbox 109 537 1241 2430">
    <p class='ocr_par' dir='ltr' id='par_1_2' title="bbox 109 537 1241 2430">
     <span class='ocr_line' id='line_1_2' title="bbox 121 537 1182 630; baseline 0.004 -20"><span class='ocrx_word' id='word_1_3' title='bbox 121 540 242 630; x_wconf 78' lang='lat' dir='ltr'>assequi</span> <span class='ocrx_word' id='word_1_4' title='bbox 265 559 388 608; x_wconf 90' lang='lat' dir='ltr'><strong>necesse</strong></span> <span class='ocrx_word' id='word_1_5' title='bbox 410 539 457 607; x_wconf 91' lang='lat' dir='ltr'><strong>sit.</strong></span> <span class='ocrx_word' id='word_1_6' title='bbox 480 537 547 606; x_wconf 91' lang='lat' dir='ltr'><strong>Non</strong></span> <span class='ocrx_word' id='word_1_7' title='bbox 570 541 608 609; x_wconf 89' lang='lat' dir='ltr'><strong>ita</strong></span> <span class='ocrx_word' id='word_1_8' title='bbox 633 541 680 608; x_wconf 92' lang='lat' dir='ltr'><strong>vel</strong></span> <span class='ocrx_word' id='word_1_9' title='bbox 703 541 804 609; x_wconf 87' lang='lat' dir='ltr'><strong>statuit</strong></span> <span class='ocrx_word' id='word_1_10' title='bbox 820 543 866 609; x_wconf 93' lang='lat' dir='ltr'><strong>vel</strong></span> <span class='ocrx_word' id='word_1_11' title='bbox 886 539 1012 610; x_wconf 72' lang='lat' dir='ltr'><strong>instituit</strong></span> <span class='ocrx_word' id='word_1_12' title='bbox 1035 545 1182 625; x_wconf 85' lang='lat' dir='ltr'><strong>Christus,</strong></span> 
     </span>
     <span class='ocr_line' id='line_1_3' title="bbox 122 645 1185 736; baseline 0.003 -23"><span class='ocrx_word' id='word_1_13' title='bbox 122 657 156 714; x_wconf 88' lang='lat' dir='ltr'><strong>ut</strong></span> <span class='ocrx_word' id='word_1_14' title='bbox 179 646 304 713; x_wconf 79' lang='lat' dir='ltr'><strong>delicate</strong></span> <span class='ocrx_word' id='word_1_15' title='bbox 333 665 367 712; x_wconf 91' lang='lat' dir='ltr'><strong>ac</strong></span> <span class='ocrx_word' id='word_1_16' title='bbox 393 645 522 711; x_wconf 92' lang='lat' dir='ltr'><strong>molliter</strong></span> <span class='ocrx_word' id='word_1_17' title='bbox 552 646 805 712; x_wconf 90' lang='lat' dir='ltr'><strong>immortalitatem</strong></span> <span class='ocrx_word' id='word_1_18' title='bbox 834 667 1064 736; x_wconf 78' lang='lat' dir='ltr'><strong>consequamur.</strong></span> <span class='ocrx_word' id='word_1_19' title='bbox 1097 651 1185 732; x_wconf 85' lang='lat' dir='ltr'><strong>Quod</strong></span> 
     </span>
     <span class='ocr_line' id='line_1_4' title="bbox 122 750 1185 840; baseline 0.003 -20"><span class='ocrx_word' id='word_1_20' title='bbox 122 772 222 840; x_wconf 93' lang='lat' dir='ltr'><strong>quum</strong></span> <span class='ocrx_word' id='word_1_21' title='bbox 244 750 436 822; x_wconf 87' lang='lat' dir='ltr'><strong>blabumetns</strong></span> <span class='ocrx_word' id='word_1_22' title='bbox 458 753 521 818; x_wconf 90' lang='lat' dir='ltr'><strong>suis</strong></span> <span class='ocrx_word' id='word_1_23' title='bbox 543 750 685 819; x_wconf 88' lang='lat' dir='ltr'><strong>institutis</strong></span> <span class='ocrx_word' id='word_1_24' title='bbox 708 752 774 819; x_wconf 87' lang='lat' dir='ltr'><strong>sveri</strong></span> <span class='ocrx_word' id='word_1_25' title='bbox 797 773 895 840; x_wconf 88' lang='lat' dir='ltr'><strong>posse,</strong></span> <span class='ocrx_word' id='word_1_26' title='bbox 918 775 952 821; x_wconf 89' lang='lat' dir='ltr'><strong>ac</strong></span> <span class='ocrx_word' id='word_1_27' title='bbox 975 755 1037 822; x_wconf 91' lang='lat' dir='ltr'><strong>suis</strong></span> <span class='ocrx_word' id='word_1_28' title='bbox 1061 765 1185 823; x_wconf 88' lang='lat' dir='ltr'><strong>sectato·</strong></span> 
     </span>
     <span class='ocr_line' id='line_1_5' title="bbox 123 856 1187 945; baseline 0.002 -19"><span class='ocrx_word' id='word_1_29' title='bbox 123 860 242 926; x_wconf 92' lang='lat' dir='ltr'><strong>toribus</strong></span> <span class='ocrx_word' id='word_1_30' title='bbox 265 858 402 925; x_wconf 81' lang='lat' dir='ltr'><strong>futurum</strong></span> <span class='ocrx_word' id='word_1_31' title='bbox 425 877 493 923; x_wconf 92' lang='lat' dir='ltr'><strong>esse</strong></span> <span class='ocrx_word' id='word_1_32' title='bbox 514 856 642 924; x_wconf 89' lang='lat' dir='ltr'><strong>lidenter</strong></span> <span class='ocrx_word' id='word_1_33' title='bbox 665 858 819 945; x_wconf 82' lang='lat' dir='ltr'><strong>spondeat,</strong></span> <span class='ocrx_word' id='word_1_34' title='bbox 843 860 983 945; x_wconf 81' lang='lat' dir='ltr'><strong>perfacile</strong></span> <span class='ocrx_word' id='word_1_35' title='bbox 1006 862 1118 927; x_wconf 92' lang='lat' dir='ltr'><strong>multos</strong></span> <span class='ocrx_word' id='word_1_36' title='bbox 1148 861 1187 928; x_wconf 90' lang='lat' dir='ltr'><strong>ad</strong></span> 
     </span>
     <span class='ocr_line' id='line_1_6' title="bbox 123 964 1185 1054; baseline 0.003 -24"><span class='ocrx_word' id='word_1_37' title='bbox 123 985 157 1030; x_wconf 91' lang='lat' dir='ltr'><strong>se</strong></span> <span class='ocrx_word' id='word_1_38' title='bbox 173 965 288 1031; x_wconf 89' lang='lat' dir='ltr'><strong>illicere</strong></span> <span class='ocrx_word' id='word_1_39' title='bbox 304 964 408 1050; x_wconf 87' lang='lat' dir='ltr'><strong>potnit,</strong></span> <span class='ocrx_word' id='word_1_40' title='bbox 424 985 458 1030; x_wconf 90' lang='lat' dir='ltr'><strong>ac</strong></span> <span class='ocrx_word' id='word_1_41' title='bbox 472 965 649 1050; x_wconf 90' lang='lat' dir='ltr'><strong>praesertim</strong></span> <span class='ocrx_word' id='word_1_42' title='bbox 666 965 808 1043; x_wconf 88' lang='lat' dir='ltr'><strong>incautos,</strong></span> <span class='ocrx_word' id='word_1_43' title='bbox 825 966 943 1052; x_wconf 81' lang='lat' dir='ltr'><strong>ignaros</strong></span> <span class='ocrx_word' id='word_1_44' title='bbox 966 966 1083 1034; x_wconf 92' lang='lat' dir='ltr'><strong>divinae</strong></span> <span class='ocrx_word' id='word_1_45' title='bbox 1100 968 1185 1054; x_wconf 82' lang='lat' dir='ltr'><strong>legis,</strong></span> 
     </span>
     <span class='ocr_line' id='line_1_7' title="bbox 123 1066 1227 1154; baseline 0.005 -20"><span class='ocrx_word' id='word_1_46' title='bbox 123 1078 156 1134; x_wconf 93' lang='lat' dir='ltr'><strong>et</strong></span> <span class='ocrx_word' id='word_1_47' title='bbox 180 1066 363 1134; x_wconf 84' lang='lat' dir='ltr'><strong>mollissimis</strong></span> <span class='ocrx_word' id='word_1_48' title='bbox 385 1068 585 1154; x_wconf 87' lang='lat' dir='ltr'><strong>voluptatibus</strong></span> <span class='ocrx_word' id='word_1_49' title='bbox 608 1089 728 1135; x_wconf 90' lang='lat' dir='ltr'><strong>summe</strong></span> <span class='ocrx_word' id='word_1_50' title='bbox 752 1070 890 1149; x_wconf 91' lang='lat' dir='ltr'><strong>deditos,</strong></span> <span class='ocrx_word' id='word_1_51' title='bbox 922 1072 1014 1139; x_wconf 89' lang='lat' dir='ltr'><strong>veluti</strong></span> <span class='ocrx_word' id='word_1_52' title='bbox 1044 1074 1191 1152; x_wconf 81' lang='lat' dir='ltr'><strong>Mauros,</strong></span> <span class='ocrx_word' id='word_1_53' title='bbox 1225 1089 1227 1096; x_wconf 79' lang='grc'><strong>“</strong></span> 
     </span>
     <span class='ocr_line' id='line_1_8' title="bbox 123 1172 1130 1266; baseline 0.001 -24"><span class='ocrx_word' id='word_1_54' title='bbox 123 1174 251 1266; x_wconf 80' lang='lat' dir='ltr'><strong>Tuccas,</strong></span> <span class='ocrx_word' id='word_1_55' title='bbox 275 1173 413 1240; x_wconf 85' lang='lat' dir='ltr'><strong>&#39;l&#39;artaros</strong></span> <span class='ocrx_word' id='word_1_56' title='bbox 435 1180 465 1238; x_wconf 92' lang='lat' dir='ltr'><strong>et</strong></span> <span class='ocrx_word' id='word_1_57' title='bbox 486 1172 673 1258; x_wconf 91' lang='lat' dir='ltr'><strong>reliquarum</strong></span> <span class='ocrx_word' id='word_1_58' title='bbox 695 1173 838 1240; x_wconf 87' lang='lat' dir='ltr'><strong>barbaros</strong></span> <span class='ocrx_word' id='word_1_59' title='bbox 861 1176 1025 1245; x_wconf 90' lang='lat' dir='ltr'><strong>nationum.</strong></span> <span class='ocrx_word' id='word_1_60' title='bbox 1087 1219 1089 1224; x_wconf 93' lang='lat'>-</span> <span class='ocrx_word' id='word_1_61' title='bbox 1128 1223 1130 1226; x_wconf 92' lang='lat'>-</span> 
     </span>
     <span class='ocr_line' id='line_1_9' title="bbox 109 1277 1221 1370; baseline 0.007 -28"><span class='ocrx_word' id='word_1_62' title='bbox 109 1299 111 1303; x_wconf 69' lang='grc'>’</span> <span class='ocrx_word' id='word_1_63' title='bbox 215 1279 395 1345; x_wconf 79' lang='lat' dir='ltr'><strong>Ludovicue.</strong></span> <span class='ocrx_word' id='word_1_64' title='bbox 418 1277 570 1364; x_wconf 83' lang='lat' dir='ltr'><strong>Equidem</strong></span> <span class='ocrx_word' id='word_1_65' title='bbox 588 1279 735 1345; x_wconf 90' lang='lat' dir='ltr'><strong>assentior</strong></span> <span class='ocrx_word' id='word_1_66' title='bbox 749 1279 786 1346; x_wconf 89' lang='lat' dir='ltr'><strong>iis</strong></span> <span class='ocrx_word' id='word_1_67' title='bbox 801 1300 879 1367; x_wconf 90' lang='lat' dir='ltr'><strong>qnae</strong></span> <span class='ocrx_word' id='word_1_68' title='bbox 901 1280 1023 1348; x_wconf 84' lang='lat' dir='ltr'><strong>dixisti:</strong></span> <span class='ocrx_word' id='word_1_69' title='bbox 1046 1285 1190 1370; x_wconf 91' lang='lat' dir='ltr'><strong>quoniam</strong></span> <span class='ocrx_word' id='word_1_70' title='bbox 1220 1279 1221 1288; x_wconf 73' lang='grc'>’</span> 
     </span>
     <span class='ocr_line' id='line_1_10' title="bbox 124 1384 1193 1474; baseline 0.001 -19"><span class='ocrx_word' id='word_1_71' title='bbox 124 1388 171 1455; x_wconf 88' lang='lat' dir='ltr'><strong>sic</strong></span> <span class='ocrx_word' id='word_1_72' title='bbox 193 1386 282 1453; x_wconf 91' lang='lat' dir='ltr'><strong>certis</strong></span> <span class='ocrx_word' id='word_1_73' title='bbox 305 1384 470 1452; x_wconf 90' lang='lat' dir='ltr'><strong>rationibus</strong></span> <span class='ocrx_word' id='word_1_74' title='bbox 492 1405 527 1451; x_wconf 89' lang='lat' dir='ltr'><strong>ea</strong></span> <span class='ocrx_word' id='word_1_75' title='bbox 548 1404 641 1472; x_wconf 91' lang='lat' dir='ltr'><strong>quam</strong></span> <span class='ocrx_word' id='word_1_76' title='bbox 663 1385 793 1454; x_wconf 85' lang='lat' dir='ltr'><strong>dilucide</strong></span> <span class='ocrx_word' id='word_1_77' title='bbox 817 1388 958 1474; x_wconf 90' lang='lat' dir='ltr'><strong>probasti,</strong></span> <span class='ocrx_word' id='word_1_78' title='bbox 982 1409 1044 1474; x_wconf 91' lang='lat' dir='ltr'><strong>qun</strong></span> <span class='ocrx_word' id='word_1_79' title='bbox 1067 1409 1123 1456; x_wconf 88' lang='lat' dir='ltr'><strong>noc</strong></span> <span class='ocrx_word' id='word_1_80' title='bbox 1146 1389 1193 1456; x_wconf 77' lang='lat' dir='ltr'><strong>la·&#39;</strong></span> 
     </span>
     <span class='ocr_line' id='line_1_11' title="bbox 122 1489 1189 1578; baseline 0.002 -19"><span class='ocrx_word' id='word_1_81' title='bbox 122 1493 194 1569; x_wconf 91' lang='lat' dir='ltr'><strong>cile,</strong></span> <span class='ocrx_word' id='word_1_82' title='bbox 217 1490 264 1556; x_wconf 92' lang='lat' dir='ltr'><strong>vel</strong></span> <span class='ocrx_word' id='word_1_83' title='bbox 287 1490 345 1556; x_wconf 92' lang='lat' dir='ltr'><strong>nisi</strong></span> <span class='ocrx_word' id='word_1_84' title='bbox 367 1489 557 1575; x_wconf 83' lang='lat' dir='ltr'><strong>pertinaciter</strong></span> <span class='ocrx_word' id='word_1_85' title='bbox 580 1489 687 1569; x_wconf 81' lang='lat' dir='ltr'><strong>refelli,</strong></span> <span class='ocrx_word' id='word_1_86' title='bbox 710 1513 726 1557; x_wconf 93' lang='lat' dir='ltr'><strong>a</strong></span> <span class='ocrx_word' id='word_1_87' title='bbox 749 1511 873 1578; x_wconf 94' lang='lat' dir='ltr'><strong>quoque</strong></span> <span class='ocrx_word' id='word_1_88' title='bbox 896 1493 1018 1578; x_wconf 85' lang='lat' dir='ltr'><strong>possint.</strong></span> <span class='ocrx_word' id='word_1_89' title='bbox 1036 1496 1189 1578; x_wconf 85' lang='lat' dir='ltr'><strong>Quocum·</strong></span> 
     </span>
     <span class='ocr_line' id='line_1_12' title="bbox 123 1595 1190 1687; baseline 0.004 -23"><span class='ocrx_word' id='word_1_90' title='bbox 123 1617 188 1685; x_wconf 91' lang='lat' dir='ltr'><strong>que</strong></span> <span class='ocrx_word' id='word_1_91' title='bbox 212 1615 322 1683; x_wconf 90' lang='lat' dir='ltr'><strong>nempe</strong></span> <span class='ocrx_word' id='word_1_92' title='bbox 344 1596 418 1663; x_wconf 91' lang='lat' dir='ltr'><strong>ratio</strong></span> <span class='ocrx_word' id='word_1_93' title='bbox 451 1595 515 1682; x_wconf 90' lang='lat' dir='ltr'><strong>ipsa</strong></span> <span class='ocrx_word' id='word_1_94' title='bbox 544 1595 646 1675; x_wconf 89' lang='lat' dir='ltr'><strong>ducit,</strong></span> <span class='ocrx_word' id='word_1_95' title='bbox 676 1597 875 1684; x_wconf 90' lang='lat' dir='ltr'><strong>animumque</strong></span> <span class='ocrx_word' id='word_1_96' title='bbox 905 1600 1071 1678; x_wconf 79' lang='lat' dir='ltr'><strong>convincit,</strong></span> <span class='ocrx_word' id='word_1_97' title='bbox 1103 1601 1190 1687; x_wconf 88' lang='lat' dir='ltr'><strong>sequi</strong></span> 
     </span>
     <span class='ocr_line' id='line_1_13' title="bbox 122 1701 1237 1791; baseline 0.003 -22"><span class='ocrx_word' id='word_1_98' title='bbox 122 1705 260 1791; x_wconf 86' lang='lat' dir='ltr'><strong>prolecto</strong></span> <span class='ocrx_word' id='word_1_99' title='bbox 276 1721 398 1768; x_wconf 91' lang='lat' dir='ltr'><strong>necesse</strong></span> <span class='ocrx_word' id='word_1_100' title='bbox 421 1704 488 1768; x_wconf 91' lang='lat' dir='ltr'><strong>estl</strong></span> <span class='ocrx_word' id='word_1_101' title='bbox 510 1702 584 1783; x_wconf 84' lang='lat' dir='ltr'><strong>Quis</strong></span> <span class='ocrx_word' id='word_1_102' title='bbox 606 1711 783 1769; x_wconf 92' lang='lat' dir='ltr'><strong>autemnon</strong></span> <span class='ocrx_word' id='word_1_103' title='bbox 799 1705 964 1788; x_wconf 88' lang='lat' dir='ltr'><strong>praesentis</strong></span> <span class='ocrx_word' id='word_1_104' title='bbox 980 1706 1090 1772; x_wconf 86' lang='lat' dir='ltr'><strong>saeculi</strong></span> <span class='ocrx_word' id='word_1_105' title='bbox 1111 1707 1190 1773; x_wconf 77' lang='lat' dir='ltr'><strong>volu</strong></span> <span class='ocrx_word' id='word_1_106' title='bbox 1234 1701 1237 1708; x_wconf 86' lang='grc'><strong>’</strong></span> 
     </span>
     <span class='ocr_line' id='line_1_14' title="bbox 123 1807 1238 1899; baseline 0.003 -24"><span class='ocrx_word' id='word_1_107' title='bbox 123 1809 259 1896; x_wconf 86' lang='lat' dir='ltr'><strong>ptatibus</strong></span> <span class='ocrx_word' id='word_1_108' title='bbox 280 1808 441 1894; x_wconf 81' lang='lat' dir='ltr'><strong>indulgeat,</strong></span> <span class='ocrx_word' id='word_1_109' title='bbox 465 1818 495 1875; x_wconf 89' lang='lat' dir='ltr'><strong>et</strong></span> <span class='ocrx_word' id='word_1_110' title='bbox 517 1807 632 1874; x_wconf 88' lang='lat' dir='ltr'><strong>libidini</strong></span> <span class='ocrx_word' id='word_1_111' title='bbox 655 1808 848 1896; x_wconf 86' lang='lat' dir='ltr'><strong>obsequatur,</strong></span> <span class='ocrx_word' id='word_1_112' title='bbox 876 1819 965 1896; x_wconf 89' lang='lat' dir='ltr'><strong>atque</strong></span> <span class='ocrx_word' id='word_1_113' title='bbox 996 1811 1043 1877; x_wconf 92' lang='lat' dir='ltr'><strong>bis</strong></span> <span class='ocrx_word' id='word_1_114' title='bbox 1073 1821 1190 1899; x_wconf 85' lang='lat' dir='ltr'><strong>tempo·</strong></span> <span class='ocrx_word' id='word_1_115' title='bbox 1235 1807 1238 1816; x_wconf 86' lang='grc'><strong>’</strong></span> 
     </span>
     <span class='ocr_line' id='line_1_15' title="bbox 122 1912 1189 2000; baseline 0.002 -18"><span class='ocrx_word' id='word_1_116' title='bbox 122 1915 241 1982; x_wconf 91' lang='lat' dir='ltr'><strong>ralibus</strong></span> <span class='ocrx_word' id='word_1_117' title='bbox 262 1914 380 1980; x_wconf 90' lang='lat' dir='ltr'><strong>studeat</strong></span> <span class='ocrx_word' id='word_1_118' title='bbox 401 1913 507 1991; x_wconf 88' lang='lat' dir='ltr'><strong>bonis,</strong></span> <span class='ocrx_word' id='word_1_119' title='bbox 530 1912 642 2000; x_wconf 91' lang='lat' dir='ltr'><strong>quibus</strong></span> <span class='ocrx_word' id='word_1_120' title='bbox 664 1933 775 2000; x_wconf 91' lang='lat' dir='ltr'><strong>corpus</strong></span> <span class='ocrx_word' id='word_1_121' title='bbox 799 1924 945 1994; x_wconf 90' lang='lat' dir='ltr'><strong>ornatur,</strong></span> <span class='ocrx_word' id='word_1_122' title='bbox 968 1916 1082 1996; x_wconf 90' lang='lat' dir='ltr'><strong>alitur,</strong></span> <span class='ocrx_word' id='word_1_123' title='bbox 1105 1918 1189 1984; x_wconf 91' lang='lat' dir='ltr'><strong>dele·</strong></span> 
     </span>
     <span class='ocr_line' id='line_1_16' title="bbox 122 2017 1192 2108; baseline 0.001 -21"><span class='ocrx_word' id='word_1_124' title='bbox 122 2028 244 2098; x_wconf 88' lang='lat' dir='ltr'><strong>ctatur,</strong></span> <span class='ocrx_word' id='word_1_125' title='bbox 267 2019 294 2084; x_wconf 88' lang='lat' dir='ltr'><strong>si</strong></span> <span class='ocrx_word' id='word_1_126' title='bbox 316 2017 418 2085; x_wconf 91' lang='lat' dir='ltr'><strong>credat</strong></span> <span class='ocrx_word' id='word_1_127' title='bbox 441 2026 470 2084; x_wconf 91' lang='lat' dir='ltr'><strong>et</strong></span> <span class='ocrx_word' id='word_1_128' title='bbox 492 2017 585 2084; x_wconf 81' lang='lat' dir='ltr'><strong>futuri</strong></span> <span class='ocrx_word' id='word_1_129' title='bbox 608 2017 720 2083; x_wconf 88' lang='lat' dir='ltr'><strong>saeculi</strong></span> <span class='ocrx_word' id='word_1_130' title='bbox 743 2037 831 2103; x_wconf 90' lang='lat' dir='ltr'><strong>posse</strong></span> <span class='ocrx_word' id='word_1_131' title='bbox 855 2019 1049 2086; x_wconf 90' lang='lat' dir='ltr'><strong>nibilominus</strong></span> <span class='ocrx_word' id='word_1_132' title='bbox 1072 2021 1192 2108; x_wconf 77' lang='lat' dir='ltr'><strong>perfrui</strong></span> 
     </span>
     <span class='ocr_line' id='line_1_17' title="bbox 121 2122 1241 2213; baseline 0.002 -21"><span class='ocrx_word' id='word_1_133' title='bbox 121 2123 318 2212; x_wconf 89' lang='lat' dir='ltr'><strong>sempiternis</strong></span> <span class='ocrx_word' id='word_1_134' title='bbox 341 2124 549 2204; x_wconf 78' lang='lat' dir='ltr'><strong>bonisiQuis</strong></span> <span class='ocrx_word' id='word_1_135' title='bbox 573 2140 729 2191; x_wconf 88' lang='lat' dir='ltr'><strong>veronen</strong></span> <span class='ocrx_word' id='word_1_136' title='bbox 758 2122 903 2191; x_wconf 87' lang='lat' dir='ltr'><strong>afficiatur</strong></span> <span class='ocrx_word' id='word_1_137' title='bbox 933 2124 970 2191; x_wconf 91' lang='lat' dir='ltr'><strong>ad</strong></span> <span class='ocrx_word' id='word_1_138' title='bbox 1001 2128 1190 2213; x_wconf 85' lang='lat' dir='ltr'><strong>voluptates,¹</strong></span> <span class='ocrx_word' id='word_1_139' title='bbox 1238 2143 1241 2148; x_wconf 73' lang='grc'><strong><em>’</em></strong></span> 
     </span>
     <span class='ocr_line' id='line_1_18' title="bbox 123 2228 1239 2326; baseline 0.001 -26"><span class='ocrx_word' id='word_1_140' title='bbox 123 2253 210 2320; x_wconf 90' lang='lat' dir='ltr'><strong>opes,</strong></span> <span class='ocrx_word' id='word_1_141' title='bbox 233 2231 380 2308; x_wconf 91' lang='lat' dir='ltr'><strong>honores,</strong></span> <span class='ocrx_word' id='word_1_142' title='bbox 404 2230 575 2316; x_wconf 88' lang='lat' dir='ltr'><strong>potencias,</strong></span> <span class='ocrx_word' id='word_1_143' title='bbox 591 2238 629 2316; x_wconf 86' lang='lat' dir='ltr'><strong>et</strong></span> <span class='ocrx_word' id='word_1_144' title='bbox 652 2228 800 2326; x_wconf 90' lang='lat' dir='ltr'><strong>eiusmodi</strong></span> <span class='ocrx_word' id='word_1_145' title='bbox 822 2230 879 2296; x_wconf 91' lang='lat' dir='ltr'><strong>alia</strong></span> <span class='ocrx_word' id='word_1_146' title='bbox 891 2251 900 2308; x_wconf 92' lang='lat'>;</span> <span class='ocrx_word' id='word_1_147' title='bbox 923 2239 990 2298; x_wconf 87' lang='lat' dir='ltr'><strong>tum</strong></span> <span class='ocrx_word' id='word_1_148' title='bbox 1012 2234 1190 2318; x_wconf 90' lang='lat' dir='ltr'><strong>praesertim</strong></span> <span class='ocrx_word' id='word_1_149' title='bbox 1236 2243 1239 2248; x_wconf 84' lang='grc'><em>“</em></span> 
     </span>
     <span class='ocr_line' id='line_1_19' title="bbox 122 2337 1241 2430; baseline 0.004 -24"><span class='ocrx_word' id='word_1_150' title='bbox 122 2340 152 2406; x_wconf 88' lang='lat' dir='ltr'><strong>si</strong></span> <span class='ocrx_word' id='word_1_151' title='bbox 168 2340 289 2406; x_wconf 91' lang='lat' dir='ltr'><strong>nullum</strong></span> <span class='ocrx_word' id='word_1_152' title='bbox 304 2338 390 2406; x_wconf 92' lang='lat' dir='ltr'><strong>nobis</strong></span> <span class='ocrx_word' id='word_1_153' title='bbox 407 2338 660 2424; x_wconf 88' lang='lat' dir='ltr'><strong>impedimentum</strong></span> <span class='ocrx_word' id='word_1_154' title='bbox 682 2338 751 2416; x_wconf 89' lang='lat' dir='ltr'><strong>sint,</strong></span> <span class='ocrx_word' id='word_1_155' title='bbox 767 2337 842 2425; x_wconf 92' lang='lat' dir='ltr'><strong>quin</strong></span> <span class='ocrx_word' id='word_1_156' title='bbox 865 2348 897 2406; x_wconf 81' lang='lat' dir='ltr'><strong>el</strong></span> <span class='ocrx_word' id='word_1_157' title='bbox 917 2350 1072 2409; x_wconf 85' lang='lat' dir='ltr'><strong>aeternam</strong></span> <span class='ocrx_word' id='word_1_158' title='bbox 1094 2344 1189 2430; x_wconf 59' lang='lat' dir='ltr'><strong>adipii</strong></span> <span class='ocrx_word' id='word_1_159' title='bbox 1237 2339 1241 2346; x_wconf 79' lang='grc'><strong>’</strong></span> 
     </span>
    </p>
   </div>
   <div class='ocr_carea' id='block_1_3' title="bbox 121 2437 1310 2546">
    <p class='ocr_par' dir='ltr' id='par_1_3' title="bbox 121 2437 1310 2546">
     <span class='ocr_line' id='line_1_20' title="bbox 121 2437 1310 2546; baseline 0.008 -36"><span class='ocrx_word' id='word_1_160' title='bbox 121 2464 245 2511; x_wconf 85' lang='lat' dir='ltr'><strong>scamm</strong></span> <span class='ocrx_word' id='word_1_161' title='bbox 268 2453 298 2510; x_wconf 91' lang='lat' dir='ltr'><strong>et</strong></span> <span class='ocrx_word' id='word_1_162' title='bbox 319 2461 487 2529; x_wconf 88' lang='lat' dir='ltr'><strong>perennem</strong></span> <span class='ocrx_word' id='word_1_163' title='bbox 508 2441 725 2509; x_wconf 89' lang='lat' dir='ltr'><strong>beatitudinem</strong></span> <span class='ocrx_word' id='word_1_164' title='bbox 747 2442 847 2520; x_wconf 92' lang='lat' dir='ltr'><strong>illam,</strong></span> <span class='ocrx_word' id='word_1_165' title='bbox 871 2462 949 2529; x_wconf 91' lang='lat' dir='ltr'><strong>quae</strong></span> <span class='ocrx_word' id='word_1_166' title='bbox 972 2453 1018 2510; x_wconf 90' lang='lat' dir='ltr'><strong>est</strong></span> <span class='ocrx_word' id='word_1_167' title='bbox 1039 2439 1190 2531; x_wconf 84' lang='lat' dir='ltr'><strong>(seeretis</strong></span> <span class='ocrx_word' id='word_1_168' title='bbox 1241 2537 1243 2546; x_wconf 18' lang='lat' dir='ltr'>y</span> <span class='ocrx_word' id='word_1_169' title='bbox 1308 2437 1310 2442; x_wconf 40' lang='lat'>¹</span> 
     </span>
    </p>
   </div>
   <div class='ocr_carea' id='block_1_4' title="bbox 105 2546 1242 4008">
    <p class='ocr_par' dir='ltr' id='par_1_4' title="bbox 118 2546 1242 3896">
     <span class='ocr_line' id='line_1_21' title="bbox 121 2546 1190 2636; baseline 0.003 -20"><span class='ocrx_word' id='word_1_170' title='bbox 121 2550 214 2617; x_wconf 90' lang='lat' dir='ltr'><strong>malis</strong></span> <span class='ocrx_word' id='word_1_171' title='bbox 237 2547 402 2634; x_wconf 90' lang='lat' dir='ltr'><strong>omnibus)</strong></span> <span class='ocrx_word' id='word_1_172' title='bbox 425 2549 575 2615; x_wconf 88' lang='lat' dir='ltr'><strong>cumulata</strong></span> <span class='ocrx_word' id='word_1_173' title='bbox 598 2548 750 2613; x_wconf 91' lang='lat' dir='ltr'><strong>bonorum</strong></span> <span class='ocrx_word' id='word_1_174' title='bbox 765 2546 961 2631; x_wconf 74' lang='lat' dir='ltr'><strong>complerint</strong></span> <span class='ocrx_word' id='word_1_175' title='bbox 985 2549 1082 2616; x_wconf 81' lang='lat' dir='ltr'><strong>Facile</strong></span> <span class='ocrx_word' id='word_1_176' title='bbox 1098 2551 1190 2636; x_wconf 81' lang='lat' dir='ltr'><strong>igitur</strong></span> 
     </span>
     <span class='ocr_line' id='line_1_22' title="bbox 121 2645 1189 2739; baseline 0.002 -18"><span class='ocrx_word' id='word_1_177' title='bbox 121 2654 183 2722; x_wconf 84' lang='lat' dir='ltr'><strong>fnit</strong></span> <span class='ocrx_word' id='word_1_178' title='bbox 204 2653 394 2734; x_wconf 86' lang='lat' dir='ltr'><strong>orientalium</strong></span> <span class='ocrx_word' id='word_1_179' title='bbox 415 2653 552 2739; x_wconf 78' lang='lat' dir='ltr'><strong>gentium</strong></span> <span class='ocrx_word' id='word_1_180' title='bbox 573 2650 688 2718; x_wconf 90' lang='lat' dir='ltr'><strong>animos</strong></span> <span class='ocrx_word' id='word_1_181' title='bbox 711 2649 758 2716; x_wconf 92' lang='lat' dir='ltr'><strong>his</strong></span> <span class='ocrx_word' id='word_1_182' title='bbox 784 2650 897 2716; x_wconf 89' lang='lat' dir='ltr'><strong>illicere</strong></span> <span class='ocrx_word' id='word_1_183' title='bbox 926 2645 1189 2737; x_wconf 83' lang='lat' dir='ltr'><strong>pollicitationibus</strong></span> 
     </span>
     <span class='ocr_line' id='line_1_23' title="bbox 118 2755 1242 2848; baseline 0.002 -22"><span class='ocrx_word' id='word_1_184' title='bbox 118 2761 185 2848; x_wconf 82' lang='lat' dir='ltr'><strong>(ut</strong></span> <span class='ocrx_word' id='word_1_185' title='bbox 206 2758 274 2844; x_wconf 91' lang='lat' dir='ltr'><strong>ais)</strong></span> <span class='ocrx_word' id='word_1_186' title='bbox 304 2779 381 2846; x_wconf 91' lang='lat' dir='ltr'><strong>quos</strong></span> <span class='ocrx_word' id='word_1_187' title='bbox 411 2758 562 2836; x_wconf 83' lang='lat' dir='ltr'><strong>maxime,</strong></span> <span class='ocrx_word' id='word_1_188' title='bbox 593 2757 674 2822; x_wconf 92' lang='lat' dir='ltr'><strong>nulla</strong></span> <span class='ocrx_word' id='word_1_189' title='bbox 704 2755 840 2823; x_wconf 90' lang='lat' dir='ltr'><strong>coelestis</strong></span> <span class='ocrx_word' id='word_1_190' title='bbox 871 2755 955 2824; x_wconf 87' lang='lat' dir='ltr'><strong>verbi</strong></span> <span class='ocrx_word' id='word_1_191' title='bbox 986 2758 1120 2827; x_wconf 86' lang='lat' dir='ltr'><strong>doctrina</strong></span> <span class='ocrx_word' id='word_1_192' title='bbox 1150 2761 1188 2828; x_wconf 91' lang='lat' dir='ltr'><strong>ad</strong></span> <span class='ocrx_word' id='word_1_193' title='bbox 1240 2773 1242 2778; x_wconf 84' lang='lat'>&#39;</span> 
     </span>
     <span class='ocr_line' id='line_1_24' title="bbox 120 2855 1242 2950; baseline -0.001 -17"><span class='ocrx_word' id='word_1_194' title='bbox 120 2867 216 2933; x_wconf 72' lang='lat' dir='ltr'><strong>vitam</strong></span> <span class='ocrx_word' id='word_1_195' title='bbox 239 2864 395 2932; x_wconf 92' lang='lat' dir='ltr'><strong>erudiebat</strong></span> <span class='ocrx_word' id='word_1_196' title='bbox 416 2874 590 2932; x_wconf 82' lang='lat' dir='ltr'><strong>aeternam:</strong></span> <span class='ocrx_word' id='word_1_197' title='bbox 611 2863 850 2950; x_wconf 83' lang='lat' dir='ltr'><strong>quiqneesscnt</strong></span> <span class='ocrx_word' id='word_1_198' title='bbox 870 2861 1035 2930; x_wconf 90' lang='lat' dir='ltr'><strong>admodum</strong></span> <span class='ocrx_word' id='word_1_199' title='bbox 1057 2867 1187 2934; x_wconf 87' lang='lat' dir='ltr'><strong>terrenis</strong></span> <span class='ocrx_word' id='word_1_200' title='bbox 1241 2855 1242 2860; x_wconf 59' lang='grc'>’</span> 
     </span>
     <span class='ocr_line' id='line_1_25' title="bbox 121 2967 1187 3059; baseline 0.003 -22"><span class='ocrx_word' id='word_1_201' title='bbox 121 2967 211 3040; x_wconf 86' lang='lat' dir='ltr'><strong>viciis</strong></span> <span class='ocrx_word' id='word_1_202' title='bbox 230 2970 386 3048; x_wconf 89' lang='lat' dir='ltr'><strong>immersi,</strong></span> <span class='ocrx_word' id='word_1_203' title='bbox 410 2980 440 3037; x_wconf 91' lang='lat' dir='ltr'><strong>et</strong></span> <span class='ocrx_word' id='word_1_204' title='bbox 462 2969 600 3036; x_wconf 93' lang='lat' dir='ltr'><strong>omnium</strong></span> <span class='ocrx_word' id='word_1_205' title='bbox 626 2968 787 3034; x_wconf 90' lang='lat' dir='ltr'><strong>libidinum</strong></span> <span class='ocrx_word' id='word_1_206' title='bbox 816 2969 952 3055; x_wconf 81' lang='lat' dir='ltr'><strong>contagio</strong></span> <span class='ocrx_word' id='word_1_207' title='bbox 981 2970 1187 3059; x_wconf 74' lang='lat' dir='ltr'><strong>coinquinati,</strong></span> 
     </span>
     <span class='ocr_line' id='line_1_26' title="bbox 120 3072 1191 3164; baseline 0.002 -20"><span class='ocrx_word' id='word_1_208' title='bbox 120 3077 224 3145; x_wconf 82' lang='lat' dir='ltr'><strong>ventri</strong></span> <span class='ocrx_word' id='word_1_209' title='bbox 246 3077 410 3143; x_wconf 84' lang='lat' dir='ltr'><strong>servientes</strong></span> <span class='ocrx_word' id='word_1_210' title='bbox 426 3085 456 3143; x_wconf 91' lang='lat' dir='ltr'><strong>et</strong></span> <span class='ocrx_word' id='word_1_211' title='bbox 469 3074 618 3162; x_wconf 90' lang='lat' dir='ltr'><strong>quaestui.</strong></span> <span class='ocrx_word' id='word_1_212' title='bbox 641 3072 750 3162; x_wconf 90' lang='lat' dir='ltr'><strong>Neque</strong></span> <span class='ocrx_word' id='word_1_213' title='bbox 773 3072 1064 3160; x_wconf 88' lang='lat' dir='ltr'><strong>pudorem-incesti,</strong></span> <span class='ocrx_word' id='word_1_214' title='bbox 1088 3097 1191 3164; x_wconf 89' lang='lat' dir='ltr'><strong>neque</strong></span> 
     </span>
     <span class='ocr_line' id='line_1_27' title="bbox 122 3179 1186 3270; baseline -0.002 -19"><span class='ocrx_word' id='word_1_215' title='bbox 122 3184 220 3251; x_wconf 83' lang='lat' dir='ltr'><strong>iidem</strong></span> <span class='ocrx_word' id='word_1_216' title='bbox 241 3182 372 3270; x_wconf 92' lang='lat' dir='ltr'><strong>perlidi,</strong></span> <span class='ocrx_word' id='word_1_217' title='bbox 395 3201 452 3249; x_wconf 90' lang='lat' dir='ltr'><strong>nec</strong></span> <span class='ocrx_word' id='word_1_218' title='bbox 474 3181 651 3267; x_wconf 73' lang='lat' dir='ltr'><strong>religionem</strong></span> <span class='ocrx_word' id='word_1_219' title='bbox 673 3179 811 3267; x_wconf 84' lang='lat' dir='ltr'><strong>profani,</strong></span> <span class='ocrx_word' id='word_1_220' title='bbox 842 3200 898 3248; x_wconf 91' lang='lat' dir='ltr'><strong>nec</strong></span> <span class='ocrx_word' id='word_1_221' title='bbox 931 3181 1030 3248; x_wconf 88' lang='lat' dir='ltr'><strong>divina</strong></span> <span class='ocrx_word' id='word_1_222' title='bbox 1053 3183 1186 3261; x_wconf 91' lang='lat' dir='ltr'><strong>terreni,</strong></span> 
     </span>
     <span class='ocr_line' id='line_1_28' title="bbox 120 3286 1188 3373; baseline -0.001 -17"><span class='ocrx_word' id='word_1_223' title='bbox 120 3309 187 3356; x_wconf 89' lang='lat' dir='ltr'><strong>nec·</strong></span> <span class='ocrx_word' id='word_1_224' title='bbox 203 3298 301 3356; x_wconf 90' lang='lat' dir='ltr'><strong>sancta</strong></span> <span class='ocrx_word' id='word_1_225' title='bbox 323 3287 470 3373; x_wconf 79' lang='lat' dir='ltr'><strong>sacrilegi,</strong></span> <span class='ocrx_word' id='word_1_226' title='bbox 493 3286 579 3354; x_wconf 82' lang='lat' dir='ltr'><strong>facile</strong></span> <span class='ocrx_word' id='word_1_227' title='bbox 600 3286 780 3354; x_wconf 86' lang='lat' dir='ltr'><strong>babereant</strong></span> <span class='ocrx_word' id='word_1_228' title='bbox 797 3287 954 3372; x_wconf 86' lang='lat' dir='ltr'><strong>percipere</strong></span> <span class='ocrx_word' id='word_1_229' title='bbox 977 3297 1112 3373; x_wconf 88' lang='lat' dir='ltr'><strong>possunt.</strong></span> <span class='ocrx_word' id='word_1_230' title='bbox 1128 3288 1188 3356; x_wconf 84' lang='lat' dir='ltr'><strong>dd·</strong></span> 
     </span>
     <span class='ocr_line' id='line_1_29' title="bbox 122 3391 1187 3480; baseline -0.004 -17"><span class='ocrx_word' id='word_1_231' title='bbox 122 3395 242 3463; x_wconf 64' lang='lat' dir='ltr'><strong>dicti‘et</strong></span> <span class='ocrx_word' id='word_1_232' title='bbox 255 3395 419 3460; x_wconf 84' lang='lat' dir='ltr'><strong>servientes</strong></span> <span class='ocrx_word' id='word_1_233' title='bbox 441 3393 653 3478; x_wconf 89' lang='lat' dir='ltr'><strong>voluptatibus,</strong></span> <span class='ocrx_word' id='word_1_234' title='bbox 676 3391 808 3458; x_wconf 92' lang='lat' dir='ltr'><strong>divinam</strong></span> <span class='ocrx_word' id='word_1_235' title='bbox 830 3391 1015 3478; x_wconf 76' lang='lat' dir='ltr'><strong>intelbqendi</strong></span> <span class='ocrx_word' id='word_1_236' title='bbox 1033 3393 1094 3459; x_wconf 95' lang='lat' dir='ltr'><strong>vim</strong></span> <span class='ocrx_word' id='word_1_237' title='bbox 1110 3393 1187 3480; x_wconf 76' lang='lat' dir='ltr'><strong>vigo·</strong></span> 
     </span>
     <span class='ocr_line' id='line_1_30' title="bbox 122 3496 1186 3588; baseline -0.006 -18"><span class='ocrx_word' id='word_1_238' title='bbox 122 3521 253 3588; x_wconf 89' lang='lat' dir='ltr'><strong>remque</strong></span> <span class='ocrx_word' id='word_1_239' title='bbox 268 3501 455 3587; x_wconf 78' lang='lat' dir='ltr'><strong>extinguunt</strong></span> <span class='ocrx_word' id='word_1_240' title='bbox 471 3498 602 3586; x_wconf 89' lang='lat' dir='ltr'><strong>Impedit</strong></span> <span class='ocrx_word' id='word_1_241' title='bbox 616 3497 697 3566; x_wconf 92' lang='lat' dir='ltr'><strong>enim</strong></span> <span class='ocrx_word' id='word_1_242' title='bbox 712 3497 880 3575; x_wconf 89' lang='lat' dir='ltr'><strong>comilium,</strong></span> <span class='ocrx_word' id='word_1_243' title='bbox 898 3496 1042 3583; x_wconf 87' lang='lat' dir='ltr'><strong>voluptas,</strong></span> <span class='ocrx_word' id='word_1_244' title='bbox 1064 3499 1186 3566; x_wconf 90' lang='lat' dir='ltr'><strong>rationis</strong></span> 
     </span>
     <span class='ocr_line' id='line_1_31' title="bbox 120 3601 1185 3692; baseline -0.003 -18"><span class='ocrx_word' id='word_1_245' title='bbox 120 3605 253 3674; x_wconf 87' lang='lat' dir='ltr'><strong>inimica.</strong></span> <span class='ocrx_word' id='word_1_246' title='bbox 276 3606 359 3685; x_wconf 85' lang='lat' dir='ltr'><strong>Quae</strong></span> <span class='ocrx_word' id='word_1_247' title='bbox 381 3614 492 3692; x_wconf 87' lang='lat' dir='ltr'><strong>quanto</strong></span> <span class='ocrx_word' id='word_1_248' title='bbox 519 3602 615 3691; x_wconf 83' lang='lat' dir='ltr'><strong>major</strong></span> <span class='ocrx_word' id='word_1_249' title='bbox 645 3611 709 3680; x_wconf 89' lang='lat' dir='ltr'><strong>est,</strong></span> <span class='ocrx_word' id='word_1_250' title='bbox 742 3621 779 3669; x_wconf 94' lang='lat' dir='ltr'><strong>eo</strong></span> <span class='ocrx_word' id='word_1_251' title='bbox 808 3601 903 3688; x_wconf 77' lang='lat' dir='ltr'><strong>magis</strong></span> <span class='ocrx_word' id='word_1_252' title='bbox 933 3602 1108 3669; x_wconf 83' lang='lat' dir='ltr'><strong>animumn</strong></span> <span class='ocrx_word' id='word_1_253' title='bbox 1131 3624 1185 3671; x_wconf 92' lang='lat' dir='ltr'><strong>sua</strong></span> 
     </span>
     <span class='ocr_line' id='line_1_32' title="bbox 119 3708 1186 3796; baseline -0.001 -17"><span class='ocrx_word' id='word_1_254' title='bbox 119 3711 196 3779; x_wconf 88' lang='lat' dir='ltr'><strong>sede</strong></span> <span class='ocrx_word' id='word_1_255' title='bbox 219 3711 359 3777; x_wconf 88' lang='lat' dir='ltr'><strong>dimovet</strong></span> <span class='ocrx_word' id='word_1_256' title='bbox 382 3711 423 3779; x_wconf 79' lang='lat' dir='ltr'><strong>nt</strong></span> <span class='ocrx_word' id='word_1_257' title='bbox 445 3730 521 3778; x_wconf 92' lang='lat' dir='ltr'><strong>num</strong></span> <span class='ocrx_word' id='word_1_258' title='bbox 542 3719 703 3796; x_wconf 91' lang='lat' dir='ltr'><strong>utramque</strong></span> <span class='ocrx_word' id='word_1_259' title='bbox 726 3708 837 3794; x_wconf 43' lang='lat' dir='ltr'><strong>legem*</strong></span> <span class='ocrx_word' id='word_1_260' title='bbox 855 3727 963 3774; x_wconf 86' lang='lat' dir='ltr'><strong>novam</strong></span> <span class='ocrx_word' id='word_1_261' title='bbox 993 3719 1023 3774; x_wconf 90' lang='lat' dir='ltr'><strong>et</strong></span> <span class='ocrx_word' id='word_1_262' title='bbox 1054 3719 1186 3778; x_wconf 92' lang='lat' dir='ltr'><strong>veteram</strong></span> 
     </span>
     <span class='ocr_line' id='line_1_33' title="bbox 120 3815 781 3896; baseline -0.011 -6"><span class='ocrx_word' id='word_1_263' title='bbox 120 3817 222 3890; x_wconf 87' lang='lat' dir='ltr'><strong>blauri</strong></span> <span class='ocrx_word' id='word_1_264' title='bbox 245 3826 406 3896; x_wconf 89' lang='lat' dir='ltr'><strong>sectantur,</strong></span> <span class='ocrx_word' id='word_1_265' title='bbox 430 3817 479 3882; x_wconf 90' lang='lat' dir='ltr'><strong>vel</strong></span> <span class='ocrx_word' id='word_1_266' title='bbox 500 3817 624 3884; x_wconf 89' lang='lat' dir='ltr'><strong>alteram</strong></span> <span class='ocrx_word' id='word_1_267' title='bbox 647 3815 781 3883; x_wconf 71' lang='lat' dir='ltr'><strong>saltem?</strong></span> 
     </span>
    </p>

    <p class='ocr_par' dir='ltr' id='par_1_5' title="bbox 105 3921 1205 4008">
     <span class='ocr_line' id='line_1_34' title="bbox 105 3921 1205 4008; baseline -0.004 -16"><span class='ocrx_word' id='word_1_268' title='bbox 105 3972 109 3978; x_wconf 83' lang='lat'><em>-</em></span> <span class='ocrx_word' id='word_1_269' title='bbox 211 3923 393 3993; x_wconf 78' lang='lat' dir='ltr'><strong>Aleeonder.</strong></span> <span class='ocrx_word' id='word_1_270' title='bbox 417 3923 514 3996; x_wconf 85' lang='lat' dir='ltr'><strong>Mauri</strong></span> <span class='ocrx_word' id='word_1_271' title='bbox 546 3921 647 3990; x_wconf 87' lang='lat' dir='ltr'><strong>relicto</strong></span> <span class='ocrx_word' id='word_1_272' title='bbox 678 3921 783 4008; x_wconf 88' lang='lat' dir='ltr'><strong>utique</strong></span> <span class='ocrx_word' id='word_1_273' title='bbox 813 3921 920 3992; x_wconf 89' lang='lat' dir='ltr'><strong>itinere</strong></span> <span class='ocrx_word' id='word_1_274' title='bbox 949 3923 1093 4005; x_wconf 85' lang='lat' dir='ltr'><strong>coelesti,</strong></span> <span class='ocrx_word' id='word_1_275' title='bbox 1125 3922 1205 3989; x_wconf 83' lang='lat' dir='ltr'><strong>vias</strong></span> 
     </span>
    </p>
   </div>
   <div class='ocr_carea' id='block_1_5' title="bbox 0 0 1490 4730">
    <p class='ocr_par' dir='ltr' id='par_1_6' title="bbox 0 0 1490 4730">
     <span class='ocr_line' id='line_1_35' title="bbox 0 0 1490 4730; baseline 0 0"><span class='ocrx_word' id='word_1_276' title='bbox 0 0 1490 4730; x_wconf 95' lang='lat' dir='ltr'><strong> </strong></span> 
     </span>
    </p>
   </div>
  </div>
 </body>
</html>
