2970 4730
555 381 731 448 -lOl-
773 449 776 458 ,

108 567 243 646 generet.
260 555 348 640 Quod
371 557 495 645 quidem
518 578 578 624 nan
601 559 678 637 lacit,
703 559 760 625 nisi
782 558 890 630 animal
911 561 1060 646 ‘corporari
1083 561 1174 629 morti

109 666 291 733 subiectum.
316 664 498 731 Pudendum
522 685 593 731 sane
616 674 678 744 est,
710 665 847 731 homiues
870 666 991 737 radonis
1014 669 1175 754 participes

110 775 140 840 in
164 770 225 851 his,
250 793 328 859 quac
351 773 399 838 dei
422 781 501 850 sunt,
526 781 586 838 tam
610 771 735 838 hebetes
758 771 964 859 excordesque
988 774 1175 851 invenirint

110 881 205 947 deum
228 889 344 964 putent,
367 879 452 945 aliter
474 898 619 964 generare
643 898 702 944 nun
725 898 824 964 posse,
848 877 930 964 quod
954 880 979 946 si
1003 882 1095 947 maris
1110 879 1175 946 olii·

109 989 156 1056 'cio
180 987 318 1064 functus,
342 985 373 1052 in
395 986 540 1053 feminam
570 995 651 1072 agat,
675 987 723 1051 vel
756 985 869 1052 habens
892 1004 984 1050 serris
1008 987 1176 1073 utriusque,

111 1103 142 1159 et
165 1093 359 1178 secumipse
382 1100 474 1158 coeat.
498 1093 601 1171 Quum
624 1110 733 1175 nempe
757 1091 852 1156 semel
874 1091 990 1176 ingenia
1014 1113 1076 1169 sua,
1094 1092 1178 1160 dete·

111 1197 211 1263 stabili
235 1193 366 1275 stultitia,
390 1206 544 1283 tamquam
567 1198 598 1263 in
621 1215 713 1264 caeno
729 1197 939 1276 demerserint,
957 1199 1057 1265 vultus
1073 1198 1178 1284 utique

112 1321 246 1388 suosque
270 1302 372 1368 oculos
402 1303 537 1368 attollere
567 1311 742 1388 nequeunt,
774 1301 855 1388 quod
878 1322 933 1381 ea,
962 1323 1039 1388 quae
1066 1323 1121 1389 per
1145 1323 1178 1369 se

112 1407 208 1492 posita
230 1416 310 1482 sunt,
327 1407 438 1492 quibus
454 1425 486 1472 se
502 1407 626 1473 credere
650 1406 839 1492 profitentur,
856 1407 1029 1492 intelligant.
1046 1407 1081 1473 ln
1097 1407 1176 1473 libro

114 1511 266 1598 siquidem
289 1513 443 1578 Geneseos
459 1512 565 1599 (quem
582 1531 653 1578 cum
669 1511 794 1597 reliquis
810 1513 965 1598 Mosaycae
982 1511 1056 1597 legis
1080 1529 1178 1578 susce·

113 1617 200 1704 pere)
224 1619 374 1704 numquid
396 1639 456 1684 non
480 1619 618 1696 lectitant,
643 1617 786 1704 quoniam
809 1618 885 1686 deus
908 1618 1046 1685 homines
1069 1619 1181 1685 creavit

113 1723 150 1790 ad
173 1725 337 1809 imaginem
359 1743 454 1802 suam,
479 1744 539 1790 non
562 1724 688 1812 quidem
702 1742 865 1808 corporeae
881 1725 979 1800 molis,
996 1743 1073 1810 quae
1093 1724 1177 1792 nulla

112 1829 246 1915 prolecto
269 1839 315 1895 est
337 1831 367 1895 in
389 1831 464 1909 Deo,
488 1850 559 1896 cum
582 1831 620 1896 sit
641 1831 788 1916 spiritus‘l
811 1830 892 1916 llrgo
915 1829 1102 1914 spiritualem
1125 1831 1179 1896 im·

114 1935 267 2020 maginem
289 1935 454 2021 intelligere
477 1955 585 2021 operae
609 1935 758 2020 praetium
781 1943 836 2002 est.
860 1937 896 2002 lu
918 1933 1050 2002 humano
1077 1945 1179 2003 autem

114 2041 224 2126 spiritu
246 2061 346 2107 nonne
368 2043 424 2107 tria
447 2051 583 2108 constare
606 2041 754 2108 sentimus
777 2049 866 2127 atque
882 2041 1046 2118 cernimus,
1063 2059 1179 2108 memo·

114 2147 202 2224 riam,
225 2146 461 2232 intelligentiam,
487 2147 680 2222 voluntatem,
705 2154 734 2211 et
758 2165 792 2211 ea
815 2145 940 2232 quidem
963 2146 994 2212 in
1017 2147 1108 2213 unius
1122 2146 1182 2212 ani·

112 2270 181 2316 mae
206 2260 310 2317 natura
331 2260 420 2338 atque
443 2250 634 2316 substantia?
655 2249 773 2330 Quibus
796 2250 941 2320 nimirum
958 2250 1082 2318 deilicae
1099 2251 1180 2318 trini·

113 2357 180 2422 tatis
203 2357 300 2442 imago
323 2357 558 2442 exemplumque
581 2356 750 2423 luculenter
774 2356 805 2422 in
828 2356 915 2424 nobis
939 2357 1108 2441 exprimit‘t

204 2463 293 2544 Quod
315 2451 400 2528 fateri
423 2483 478 2528 nos
501 2482 624 2548 quoque
653 2471 789 2547 oporteat
819 2462 955 2530 divinum
985 2463 1126 2547 spiritum
1148 2463 1181 2529 iu

114 2591 174 2637 una
190 2579 304 2646 natura,
321 2569 459 2647 essentia,
476 2568 637 2634 substantia
650 2567 763 2632 trinum
776 2567 806 2634 iu
818 2567 956 2652 personis
969 2587 1035 2633 essa
1048 2571 1179 2648 Patrem,

114 2676 228 2742 Filium
251 2683 282 2740 et
303 2673 453 2759 Spiritum
468 2674 622 2748 Sanctam,
646 2690 701 2736 seu
724 2670 816 2755 patris
832 2669 961 2737 verbum
984 2681 1014 2738 et
1036 2673 1128 2756 patris
1145 2691 1179 2741 ac

113 2781 169 2846 srlii
191 2779 329 2845 divinum
352 2798 496 2845 amorem.
520 2781 618 2858 Quam
641 2779 707 2843 rem
730 2776 755 2841 si
778 2776 918 2862 pluribus
940 2798 973 2844 ac
1000 2779 1178 2845 luculentio-

112 2888 201 2955 ribus
225 2887 375 2972 explicare
401 2885 620 2951 mahometanis
651 2883 887 2962 tentaverimus,
918 2884 1006 2951 video
1037 2885 1181 2972 equidem

114 2993 199 3080 quod
221 3012 323 3058 cassus
346 2992 385 3057 sit
406 3000 436 3056 et
458 2991 562 3056 irritus
585 2999 686 3057 noster
706 2989 803 3057 labor.
828 2990 916 3070 Quod
938 2988 1099 3058 indocilem
1125 2991 1179 3058 do·

114 3117 196 3175 cere,
212 3116 301 3164 cacco
318 3095 426 3162 lumini
442 3095 562 3173 offerre,
579 3113 753 3161 sermonem
769 3093 872 3172 surdo,
888 3095 1064 3181 sapientiam
1079 3097 1180 3174 bruto,

115 3205 265 3292 praebere
289 3203 427 3270 velimus.
452 3200 613 3268 Silendum
635 3210 736 3267 tamen
759 3221 949 3287 nequaquam
973 3202 1122 3279 arbitror,
1145 3222 1181 3268 ea

114 3312 163 3377 vel
185 3307 377 3396 potissimum
399 3310 524 3387 ratione,
548 3317 581 3374 ut
603 3307 767 3393 intelligant
789 3307 819 3386 ii,
845 3326 905 3374 non
920 3307 1031 3374 brutali
1050 3307 1179 3393 ingenio,

114 3426 149 3483 ut
171 3417 341 3502 opinantur,
365 3416 404 3482 de
427 3414 484 3483 deo
506 3425 608 3482 nostra
632 3434 686 3480 nos
709 3413 824 3480 sentire
847 3423 877 3482 et
901 3413 961 3480 ritu
984 3423 1073 3500 atque
1096 3414 1179 3480 cultu

114 3523 255 3591 idolatras
279 3543 356 3602 esse,
379 3523 453 3610 quin
476 3523 538 3589 imo
561 3541 612 3588 cos
635 3539 803 3607 eorumque
830 3533 947 3605 preces,
971 3519 1180 3587 blahumetum

116 3630 219 3716 ipsum
235 3638 267 3695 ct
280 3629 392 3696 deliros
408 3649 474 3695 csse
490 3645 673 3714 semperque
689 3626 792 3705 luisse,
809 3634 962 3712 postremo
979 3626 1070 3692 deum
1086 3643 1181 3712 quem

114 3737 218 3802 colunt
248 3735 368 3821 penitus
399 3736 557 3821 ignorare,
581 3733 782 3819 pluralitatem
812 3732 903 3817 igitur
925 3751 1125 3817 personarum
1148 3732 1179 3800 in

115 3852 221 3919 nostro
245 3855 276 3906 et
298 3862 358 3908 uno
381 3842 438 3908 deo
461 3861 539 3920 esse,
555 3840 609 3906 hac
631 3839 761 3906 dilucida
776 3838 890 3905 ratione
913 3838 1086 3924 probamus.
1103 3841 1181 3918 Quo·

113 3949 197 4016 niam
221 3947 371 4034 quidquid
394 3969 448 4016 sua
470 3948 584 4015 ratione
606 3946 725 4013 formali
748 3954 793 4012 est
814 3943 999 4031 principium
1028 3943 1179 4030 producti·
