2932 4728
561 361 742 428 -07-v

112 559 179 607 esse
204 537 307 615 voluit,
331 557 369 602 ne
392 537 468 602 iorte
483 536 647 604 insolenter
672 537 844 624 quaeritans
867 537 1012 604 obruatur
1035 559 1051 604 a
1074 539 1178 624 gloria,-

113 647 191 712 sicnt
213 646 360 729 scriptura
381 643 523 729 lnqnitnr.
548 644 609 710 Sed
626 665 660 711 ea
677 644 878 729 pervestigare
894 664 971 730 quac
988 645 1016 709 in
1034 647 1179 731 mysterio

112 751 185 816 lacta
209 749 245 814 ad
270 747 455 814 noscendum
479 750 572 834 magis
595 758 686 835 atque
710 748 948 834 investigandum
976 750 1125 815 allicimur
1141 750 1179 815 ab

112 857 178 942 ipso
201 855 340 920 omnium
371 853 541 929 conditore,
573 856 741 940 apostolum
772 874 963 940 nequaquam
986 856 1176 940 prohibuisse

113 981 191 1026 reor.
216 961 251 1025 ln
274 959 321 1024 bis
344 958 495 1044 siquidem
511 959 548 1024 ad
564 959 798 1044 investigandam
825 967 914 1044 atque
930 961 1177 1045 perpendendam

112 1066 270 1132 utilitatem
283 1064 422 1131 omnibus
435 1085 489 1150 pro
502 1065 615 1131 viribus
628 1064 856 1131 intendendum.
865 1066 900 1131 ln
910 1085 943 1130 ea
956 1066 1067 1130 etenim
1080 1068 1178 1132 omnis

112 1173 184 1238 ratio
210 1181 366 1246 versatur,
390 1191 423 1237 ao
448 1180 605 1256 propterea
629 1172 719 1238 totius
743 1171 843 1256 ingeni
873 1171 986 1236 viribus
1010 1173 1083 1238 eniti
1106 1193 1174 1259 pro·

111 1280 236 1368 pensius
264 1279 428 1355 debemus,
460 1289 526 1346 tum
553 1280 715 1346 subtilitate
743 1278 927 1354 disserendi,
960 1288 1023 1344 tum
1056 1282 1178 1346 veritate

109 1387 267 1473 judicandi
291 1393 320 1451 et
343 1387 371 1451 id
401 1387 532 1452 maxime
563 1406 634 1453 cum
665 1387 748 1452 nullo
778 1386 887 1450 timore
919 1386 966 1450 vel
990 1385 1080 1452 animi
1105 1387 1181 1452 inso-

114 1496 213 1568 lentia,
232 1494 285 1559 sed
301 1494 433 1580 subjecta
450 1494 618 1561 bumilitate
634 1494 784 1580 quispiam
801 1492 957 1578 quaeritet.
972 1494 1051 1558 Tum
1067 1491 1179 1557 etenim

110 1603 214 1666 lumen
240 1599 400 1684 sapientiae
424 1620 496 1665 suae
519 1599 595 1664 deus
620 1597 822 1664 scrutantibus
845 1598 977 1663 maxime
1000 1596 1179 1674 manifestat,

111 1725 173 1792 quo
197 1705 231 1770 fit
254 1714 288 1770 ut
309 1704 430 1770 sordido
457 1705 515 1770 sub
551 1704 689 1789 palliolo,
720 1702 784 1787 ipsa
817 1700 1063 1787 quandoquidem
1087 1702 1180 1768 latitet

111 1812 264 1898 sapientia.
289 1811 337 1876 lld
361 1831 451 1896 quam
475 1809 694 1896 assequendam
717 1807 850 1893 proiecto
878 1827 938 1873 non
963 1808 1067 1873 attinet
1097 1807 1180 1895 quod

111 1919 203 1984 bomo
227 1917 372 2001 inglorius
404 1917 441 1981 sit
464 1924 554 2000 atque
586 1912 733 1999 ignobilis.
758 1912 890 1978 Tametsi
921 1911 1057 1977 divinum
1081 1933 1179 1978 sacra·

111 2032 250 2088 mentum
267 2023 456 2107 coelesteque
472 2038 624 2094 arcanum,
638 2017 760 2102 proprio
777 2017 896 2103 ingenio
912 2036 961 2083 me
977 2017 1179 2103 comprobem,

111 2129 186 2194 dere
216 2146 407 2213 nequaquam
432 2124 597 2210 producam,
622 2142 677 2188 neo
701 2123 770 2188 satis
801 2143 926 2189 noscere
949 2143 1010 2209 qno
1033 2124 1178 2201 misterio,

110 2255 207 2321 quave
224 2235 337 2298 ratione
361 2232 490 2298 voluerit
506 2230 604 2295 divina
628 2229 844 2315 prorvidentia,
860 2230 940 2295 utin
957 2231 1048 2316 Synai
1065 2239 1178 2307 monte,

110 2352 142 2408 et
163 2340 272 2407 eadem
294 2359 388 2424 paene
412 2339 442 2403 in
468 2339 532 2403 loco
558 2337 667 2402 veteris
683 2336 851 2403 testamenti
868 2338 917 2402 lex
940 2337 1047 2421 priscis
1063 2338 1100 2403 sit
1122 2338 1178 2403 lata

109 2447 309 2533 temporibus,
333 2446 523 2530 demumque
543 2443 584 2528 jis
608 2443 787 2518 novissimis,
803 2463 914 2527 corpus
938 2452 1033 2509 mutae
1057 2443 1182 2529 virginis

106 2575 141 2620 ac
163 2553 296 2619 martiris
320 2554 449 2617 locatum
480 2551 518 2616 sit
540 2551 577 2616 ab
609 2549 743 2634 Angelis,
776 2549 882 2615 Dicam
912 2559 1014 2615 tamen
1045 2549 1179 2616 breviter

108 2660 139 2724 in
163 2660 218 2725 bac
242 2679 275 2724 re
298 2679 353 2743 pro
377 2658 471 2743 capite
495 2677 564 2723 mco
588 2655 778 2724 sententiam.
804 2655 936 2720 Tametsi
964 2665 1064 2721 nostra
1092 2675 1179 2721 mens

107 2765 271 2831 tenebroso
297 2764 431 2849 corporis
463 2763 613 2829 domicilio
636 2762 853 2847 circumsepta,
867 2762 966 2847 ,longe
990 2782 1006 2826 a
1029 2762 1092 2827 veri
1115 2781 1181 2846 per·

108 2870 238 2961 lectione
261 2887 351 2953 saepe
376 2876 527 2933 summota
551 2867 598 2942 sit,
622 2867 706 2931 Deus
737 2865 791 2950 qui
814 2865 961 2951 gubernat
991 2865 1073 2932 bunc
1095 2885 1181 2933 mun·

108 2977 206 3052 dnm,
243 2974 411 3040 incredibili
446 2972 643 3039 beneficentia
677 2970 778 3050 fovet,
814 2992 884 3038 cnm
919 2973 990 3038 velit
1024 2972 1061 3038 ab
1097 2973 1181 3039 omni

107 3082 270 3148 bominum
293 3100 414 3166 genere,
440 3079 577 3145 fidelium
601 3079 713 3164 pariter
737 3088 767 3145 ct
790 3079 959 3146 infidelium
982 3080 1107 3166 gratiam
1123 3080 1181 3146 sibi

108 3189 235 3264 referri,
268 3187 477 3272 honoremque
509 3186 589 3263 dari,
622 3205 720 3271 quum
743 3195 773 3251 et
796 3186 833 3251 ad
864 3186 894 3251 id
925 3187 1075 3272 agendum
1099 3185 1182 3252 omni

106 3295 225 3362 ratione
262 3294 454 3379 compellitur
485 3293 586 3359 homo.
625 3294 790 3377 Propterea
822 3293 859 3358 ad
896 3312 929 3358 so
960 3293 1121 3359 colendum
1153 3300 1182 3356 et
1284 3315 1288 3334 ·

107 3398 298 3466 adorandum
322 3398 379 3464 hoc
409 3399 440 3463 in
471 3399 546 3474 loco,
579 3396 647 3463 licet
678 3396 798 3462 deserto
830 3406 919 3483 atque
950 3396 1059 3472 abdito,
1088 3395 1182 3461 voluit

106 3505 249 3572 homines
273 3505 405 3592 cujusvis
430 3504 511 3578 fidei,
530 3505 579 3569 vol
595 3502 741 3588 perfidiae
758 3523 883 3588 prorsus
906 3503 1034 3578 allicere,
1060 3511 1090 3568 et
1104 3522 1181 3588 quos

107 3611 166 3677 loci
197 3611 361 3678 amoenitas
392 3630 451 3676 non
483 3608 630 3683 trahebat,
662 3608 869 3672 misteriorum
900 3616 1083 3673 sacramenta
1113 3627 1183 3693 per·

109 3717 252 3784 tnalreret.
286 3720 450 3783 Saracenos
479 3715 558 3791 ideo,
593 3715 647 3800 qui
676 3732 848 3798 mosaycam
876 3713 973 3799 legem
1004 3714 1185 3780 ceremoniis

108 3824 304 3909 quibusdam,
327 3823 397 3890 licet
420 3822 543 3897 frivolis,
561 3830 650 3906 atque
677 3818 814 3885 futilibus
831 3839 863 3884 se
880 3820 1041 3886 observare
1057 3821 1183 3886 inaniter

103 3931 252 4016 jactitant,
277 3929 387 3996 lndeos
413 3949 495 4009 vero,
519 3928 571 4014 qni
595 3928 694 4014 legem
717 3925 856 3992 eamdem
883 3926 946 3994 suis
969 3927 1106 3995 traditam
1132 3947 1181 4012 pa·
