2970 4730
756 338 931 403 -109-

310 522 340 580 et
362 531 525 598 granorum
546 511 684 598 globibus
707 513 824 580 minuto
846 514 980 580 cicerum
1003 533 1094 599 grano
1118 535 1173 600 par
1195 515 1242 582 sit.
1268 517 1378 584 Faeni·

307 616 448 683 culorum
471 617 546 682 rami
571 616 658 734 qu‘us
684 617 839 684 soliditatis
862 619 929 696 sint,
953 627 1004 684 aut
1026 620 1238 704 magnitudinis
1262 641 1300 688 ex
1317 623 1379 690 boc

307 721 356 786 vel
386 721 517 786 maxime
547 721 751 807 conjiciamus,
776 722 858 808 quod
884 722 1131 808 quandoquidem
1162 726 1279 810 sagittas
1314 746 1376 792 non

306 827 409 908 modo,
433 827 486 893 sod
509 849 596 894 arcus
619 849 741 915 qnoque
756 829 795 894 ad
813 828 966 914 jaciendas
989 831 1107 915 sagittas
1130 831 1294 898 conficiant.
1311 835 1377 900 Hoc

305 954 428 1022 quoque
452 935 586 1020 guttatim
609 935 725 1022 lignum
748 937 858 1002 variato
880 937 980 1001 colore
1004 937 1223 1021 conspargitur,
1240 938 1322 1023 quod
1337 938 1377 1003 ad

307 1039 490 1125 Aegyptum,
503 1041 660 1127 KaJrique
676 1041 796 1120 urbem,
815 1062 853 1107 ex
868 1042 954 1108 India
968 1040 1078 1107 ferunt.
1096 1042 1248 1108 Plurimas
1264 1063 1378 1128 nempe

308 1148 429 1226 ferulas,
462 1149 597 1236 (quibus
620 1170 716 1236 equos
739 1152 894 1218 stimulant
916 1150 953 1215 ad
977 1148 1140 1236 gressum)
1165 1169 1203 1214 ex
1226 1148 1377 1234 ejusmodi

305 1253 436 1320 fustibus
458 1254 637 1322 coniectas
629 1277 694 1342 rpse
717 1257 788 1323 vidi
812 1259 859 1322 Ειι
883 1256 1061 1323 durissimis
1084 1274 1208 1342 quoque
1232 1253 1376 1321 harundi-

305 1363 385 1429 nulis
407 1363 535 1443 indicis,
558 1365 701 1431 mirificas
723 1366 887 1432 conficiunt
909 1366 1048 1451 sagittas,
1072 1365 1150 1430 sicut
1173 1373 1202 1429 et
1230 1363 1377 1429 militares

305 1469 404 1536 hastas
427 1489 465 1535 ex
486 1471 687 1556 grossioribus
710 1471 939 1551 harundinibus,
964 1471 1074 1537 nostris
1097 1471 1258 1557 utique
1219 1469 1306 1534 lionis
1326 1468 1378 1534 fir·

306 1575 475 1654 mioribus,
507 1597 638 1663 quarum
669 1579 801 1664 singulas
824 1597 917 1645 aureo
940 1598 1000 1645 non
1029 1577 1131 1642 minus
1159 1596 1221 1642 uno
1243 1585 1378 1641 veneunt

305 1684 427 1800 passim.
459 1685 521 1751 Sed
551 1684 637 1752 his
624 1705 687 1772 Jam
715 1687 836 1766 missis,
868 1705 1000 1772 quorum
1026 1684 1154 1751 narratio
1177 1683 1302 1751 fortasse
1326 1684 1375 1749 vel

305 1783 436 1854 nimium
458 1789 575 1856 curiosa
597 1791 697 1876 putari
730 1800 854 1876 posset,
879 1790 916 1856 ad
940 1791 1120 1859 Maurorum
1143 1790 1377 1874 Turcorumque

305 1912 407 1960 mores
430 1894 637 1962 edicendos'
613 1917 639 1962 ει
662 1897 744 1974 libet,
769 1897 991 1983 aggrediamur.

398 2001 578 2067 bodonicus.
602 2000 655 2068 Illa
678 2001 783 2067 audire
805 2000 979 2086 plurimum
1002 2000 1164 2066 oblectatus
1197 2018 1287 2077 sum,
1323 1997 1377 2064 sed

306 2105 360 2172 ista
376 2104 511 2170 ediscere
526 2125 582 2191 per
597 2107 748 2191 optimum
770 2107 897 2223 quidem
920 2115 1121 2183 consectum
1137 2105 1279 2181 manime,
1298 2124 1376 2191 quae

308 2209 445 2276 advitae
469 2208 689 2274 institutionem
711 2211 805 2296 magis
828 2219 965 2296 spectare
989 2209 1137 2287 videntur,
1161 2218 1192 2274 et
1217 2208 1376 2274 sacrificio-

307 2333 377 2380 rum
400 2314 613 2392 caeremonias,
638 2333 767 2400 quamve
793 2315 954 2401 potiundae
970 2316 1073 2382 salutis
1089 2335 1175 2401 spem
1192 2315 1330 2394 habeant,
1347 2322 1378 2381 et

307 2421 420 2510 quibus
444 2422 663 2491 sacrificiorum
685 2425 883 2491 caeremoniis
906 2425 1079 2510 fungantur.

395 2530 670 2598 descendebam
685 2552 770 2598 caeca
785 2532 911 2618 caligine
928 2541 958 2598 et
972 2531 1118 2618 pertinaci
1134 2529 1255 2595 stultitia
1268 2526 1374 2605 Mauri,

307 2636 411 2714 Turci,
434 2646 464 2702 et
487 2637 585 2723 quivis
608 2637 812 2707 Mahumetani
836 2658 905 2703 suas
930 2646 1048 2703 mentes
1065 2636 1230 2712 obduxere,
1254 2643 1288 2699 ut
1312 2634 1375 2699 ἰΙΙο·

307 2758 380 2808 rum
395 2743 480 2820 ritus,
496 2744 698 2810 caeremonias
721 2743 877 2830 fidemque
893 2744 1055 2829 potiusque
1072 2740 1230 2827 perfidiam
1250 2739 1375 2816 referre,

306 2847 377 2937 plus
401 2867 439 2913 ne
462 2867 512 2914 me
536 2847 646 2934 pudeat
669 2869 707 2914 an
729 2846 836 2925 doleat,
861 2848 933 2913 satis
956 2847 1097 2912 nesciam
1115 2844 1210 2912 Nam'
1210 2863 1378 2912 summum

308 2951 440 3022 hominis
462 2954 575 3020 bonum
606 2955 727 3041 penitus
757 2955 789 3020 in
811 2954 952 3039 corporis
976 2954 1126 3038 voluptate
1149 2951 1325 3028 costituant,
1349 2958 1379 3015 et

284 3057 373 3124 ¹veri
396 3058 445 3124 dei
475 3059 660 3145 majestatem
690 3079 780 3126 nosse
812 3060 1006 3146 pertinaciter
1036 3058 1188 3136 abnuant,
1219 3056 1319 3122 filium
1349 3064 1379 3121 et

308 3167 451 3252 spiritum
474 3177 611 3234 sanctum
632 3168 664 3232 in
688 3167 796 3234 deitate
820 3176 973 3254 negantes
998 3166 1118 3252 Quique
1152 3163 1284 3231 deum
1276 3181 1378 3248 ipsum

308 3270 434 3349 homini,
457 3271 687 3356 pecoribusve
679 3272 773 3358 impio
796 3279 1003 3357 comparantes
1028 3288 1150 3347 errore,
1174 3267 1273 3334 filium
1295 3266 1379 3354 ajunt

309 3377 430 3463 gignere
446 3398 506 3445 non
530 3377 672 3463 potuisse,
689 3378 836 3464 quoniam
850 3397 907 3442 nec
923 3395 1056 3442 uxorem
1070 3372 1241 3459 aliquando
1246 3371 1378 3438 duxerit

310 3483 357 3550 Ob
381 3484 484 3550 stultas
507 3504 578 3550 sane
603 3484 763 3550 bominum
787 3491 926 3561 mentes,
951 3481 989 3549 ob
1012 3501 1099 3548 caeca
1128 3490 1269 3567 pectora,
1301 3497 1378 3566 quae

310 3589 398 3658 tantis
421 3590 603 3675 ignorantiae
619 3590 754 3657 tenebris
770 3590 864 3656 offusa
881 3591 973 3656 sunti
997 3597 1030 3655 ut
1046 3588 1139 3654 deum
1155 3585 1253 3653 officio
1268 3584 1378 3652 mentis

309 3707 414 3780 agere,
438 3695 598 3783 filiumque
621 3697 780 3782 concipere
803 3715 864 3762 non
886 3695 1074 3781 intelligant!
1107 3693 1215 3759 Omnia
1238 3691 1377 3758 sensibus

310 3801 478 3880 metientes,
502 3805 599 3870 carnis
623 3804 722 3870 solum
745 3811 815 3869 sunt
837 3802 995 3888 sapientes.
1012 3803 1115 3867 Deum
1129 3799 1265 3885 corporis
1287 3797 1376 3863 mini·

311 3905 402 3974 sterio
418 3907 640 4000 temminaoque
656 3909 814 3994 connubio,
831 3912 875 3980 uti
892 3922 1031 3999 oportere
1044 3911 1215 3980 existimant
1230 3917 1265 3978 ut
1279 3907 1376 3978 sutum
