2970 4730
567 368 747 438 -l27..

13 615 14 618 ,
121 545 259 632 profecto
282 565 381 634 quum
405 540 436 611 in
460 561 580 615 summa
602 549 728 616 vanitate
752 551 931 624 versentur,
962 553 1068 614 cuncta
1098 547 1189 613 miso·

122 653 268 722 ricordiae
292 655 341 720 vel
366 654 588 722 munificentiae
613 676 713 741 opera,
737 656 780 721 sio
802 656 833 720 in
856 656 956 721 lucem
978 655 1131 730 collocant,
1148 655 1191 718 sie

120 760 216 826 videri
241 761 356 838 volunt,
379 759 422 825 sio
445 759 593 845 propalari
617 759 734 834 levitate
757 758 849 836 ducti,
873 766 916 834 ut,
941 767 1060 843 praeter
1082 757 1190 823 huma·

121 883 191 930 nam
213 863 346 941 laudem,
370 863 444 929 nihil
466 873 622 950 appetant,
646 863 720 930 nihil
742 862 904 931 intendant.
928 863 963 927 ln
987 861 1043 927 boo
1065 881 1190 946 prorsus

122 989 245 1036 omnem
268 989 381 1047 euram,
406 969 605 1055 studiumque
632 978 793 1054 reponunt,
809 978 843 1034 ut
858 968 932 1033 nihil
955 968 1083 1053 amplius
1099 986 1190 1052 quam

122 1077 242 1142 inanem
266 1074 417 1152 favorem,
441 1094 671 1163 paucorumque
695 1074 816 1140 dierum
839 1073 953 1143 fabulas
975 1081 1189 1158 assequantur,

13 1242 14 1262 ,
122 1179 283 1248 bominum
306 1181 356 1248 dei
374 1181 527 1267 juditium
548 1182 770 1260 anteferentes,
795 1202 856 1268 quo
879 1182 1025 1248 nimirum
1048 1183 1110 1247 sola
1134 1179 1190 1251 sibi

13 1327 14 1362 ,
123 1287 180 1353 sibi
203 1296 343 1372 superest
364 1287 403 1352 ad
425 1286 609 1373 supplicium
643 1307 749 1373 poena.
774 1288 906 1354 Tametsi
928 1305 988 1352 non
1011 1285 1191 1370 habentibus

13 1407 14 1488 ἦ
123 1393 212 1478 longe
235 1392 415 1478 copieseque
446 1392 566 1461 donant.
590 1392 704 1461 Autem
733 1393 771 1459 ad
802 1390 997 1459 enutriendos
1026 1391 1191 1476 murilegos
1280 1391 1282 1394 ’

13 1499 14 1504 ’
123 1498 260 1584 ingentes
281 1496 372 1564 aedes
394 1499 597 1584 oaenobiaque
621 1508 808 1584 perstruunt,
832 1498 880 1563 vel
903 1497 928 1562 si
951 1496 1093 1562 munifica
1116 1494 1190 1562 libe·

13 1663 14 1672 ,
123 1605 239 1669 ralitate
262 1601 375 1670 donare
400 1603 565 1683 videantur,
589 1623 666 1690 quae
689 1614 789 1670 tamen
811 1623 872 1669 non
894 1601 932 1668 ad
961 1600 1192 1682 beneficentiam
1288 1654 1292 1666 .

124 1709 370 1776 liberalitatemve
392 1709 560 1788 conferunt,
584 1709 638 1776 sed
663 1719 696 1776 ut
718 1710 813 1796 magis
829 1708 961 1780 fructum
984 1706 1032 1774 sui
1054 1705 1191 1780 muneris

13 1843 14 1908 ss
123 1823 332 1900 assequantur.
361 1813 450 1893 Quod
479 1815 568 1899 plane
601 1812 764 1890 liberalitas
796 1811 921 1878 dicenda
950 1831 1011 1876 non
1040 1818 1107 1888 est,
1137 1808 1192 1876 sed

122 1920 223 2006 potius
254 1919 402 2007 quaedam
433 1920 565 1986 benefitii
590 1919 761 1986 foeneratio.
786 1922 944 2004 Quamque
966 1918 1100 2002 prolecto
1130 1934 1203 1995 non·

122 2011 186 2091 suis
209 2024 312 2102 rebus,
336 2024 390 2091 sed
411 2025 515 2091 abeuis
539 2033 735 2110 comparant:
759 2023 834 2090 dum
856 2023 922 2089 aliis
944 2023 1086 2108 eripiunt,
1109 2020 1192 2107 quod

123 2131 188 2197 aliis
211 2131 384 2216 largiantur,
407 2140 438 2197 et
458 2131 524 2202 aliis
548 2139 673 2208 notent,
697 2139 731 2197 ut
753 2130 784 2208 io
807 2129 880 2196 alios
903 2129 1042 2196 liberales
1066 2128 1193 2196 existant

123 2236 239 2322 quippe
272 2245 392 2322 ugentes
425 2237 557 2322 improbi
592 2246 623 2303 et
655 2237 799 2304 malitiosi
838 2246 933 2316 sunt,
960 2235 1041 2303 aliud
1071 2253 1198 2319 semper

122 2350 256 2426 agentes,
279 2341 361 2418 aliud
383 2361 506 2428 semper
529 2342 717 2416 simulantes.
742 2345 946 2423 Quorumut
960 2341 1093 2417 breviter
1105 2339 1193 2418 dire·

124 2446 193 2524 rim,
218 2446 317 2512 omnis
339 2447 414 2520 aetio
430 2447 523 2534 ,vitiis
537 2455 586 2524 ,est
608 2447 771 2534 inquinata.
796 2449 861 2527 Qua
884 2447 914 2511 iu
938 2466 972 2524 re
989 2445 1194 2531 praetermitto

124 2563 234 2640 quauta
257 2553 288 2618 in
312 2573 398 2620 veros
421 2554 470 2620 dei
492 2554 634 2630 cultores,
660 2552 717 2620 boo
733 2561 778 2619 est
793 2552 824 2618 in
841 2551 1004 2628 cristianos
1019 2551 1193 2628 erudelitate

124 2658 304 2738 desaeviant,
327 2679 403 2745 quos
426 2668 457 2725 et
478 2679 533 2744 pro
556 2657 696 2732 hostibus¹
719 2655 840 2741 babent,
864 2666 894 2723 et
916 2657 1024 2742 opibus
1047 2655 1193 2740 spoliant,
1306 2699 1307 2702 ,

124 2775 295 2851 vexantque
317 2765 456 2832 saevitiis.
481 2765 598 2846 Quibus
614 2784 686 2832 sane
702 2763 902 2850 nequissimis¹
919 2761 1132 2847 impietatibus,
1145 2760 1194 2836 ,ita

124 2871 277 2952 altissimis
299 2870 432 2940 tenebris
456 2871 612 2936 veritatem
635 2870 798 2950 obducunt,
815 2878 849 2947 ut
864 2868 902 2934 de
923 2867 1091 2953 praereptis
1111 2866 1194 2934 salu·

125 2978 240 3055 taribus
255 2975 331 3054 lueis
346 2976 421 3042 nihil
435 2975 605 3042 admittunt.
621 2975 682 3042 Sed
699 2995 826 3060 prorsus
841 2996 858 3041 a
873 2983 956 3042 recto
971 2974 1067 3052 limite
1082 2973 1197 3050 aversi,

126 3103 183 3168 per
205 3101 351 3169 praeceps
374 3091 405 3148 et
427 3080 592 3168 abruptum
614 3081 777 3148 eriminum
808 3098 955 3158 suorum,
987 3089 1074 3146 noete
1104 3087 1194 3164 atque

126 3207 233 3255 errore
257 3188 428 3254 volvuntur.
1184 3255 1187 3259 ,

215 3293 397 3366 ludovicus.
421 3295 499 3358 Rem
521 3313 647 3378 prorsus
670 3293 728 3378 ipsi
750 3292 860 3360 nationi
876 3291 1043 3367 adversam,
1057 3287 1195 3372 eobonis

127 3399 308 3478 contrariam
324 3399 462 3466 moribus
479 3397 600 3484 dixisti:
617 3399 959 3478 blabumetanosternas
974 3405 1195 3483 quaternasque

129 3524 242 3573 uxores
265 3505 404 3592 ooniogio
428 3506 579 3591 copulatas
602 3504 723 3572 babere.
755 3505 831 3571 Novi
862 3523 917 3592 ego
947 3502 1064 3588 ingenia
1086 3499 1215 3597 molles

129 3629 211 3688 rum,
236 3609 319 3695 quod
342 3629 404 3675 uno
427 3609 527 3675 auimo
550 3628 655 3675 omnes
679 3629 783 3696 socrus
806 3607 924 3674 oderint
938 3604 1047 3683 nurus,
1062 3591 1198 3689 virisque

130 3714 190 3779 sint
213 3713 356 3780 adversae
379 3714 533 3800 coniuges,
549 3733 626 3800 quae
643 3732 765 3797 semper
789 3713 893 3789 nolint,
918 3711 969 3777 ubi
993 3709 1011 3796 ij
1034 3709 1195 3788 voluerint,

130 3821 182 3887 ubi
200 3821 342 3906 uoluerit,
358 3820 480 3906 cupiant
495 3820 584 3887 ultro.
594 3813 704 3900 ¹Quum
719 3819 822 3904 plures
845 3817 970 3902 singulis
993 3825 1104 3904 nuptae
1120 3809 1196 3881 sint:

132 3921 209 3996 num
232 3915 389 4016 perpetuis
424 3925 638 4014 litigationibus
656 3911 803 4008 ⁴furiosis·
824 3945 859 4007 ἃς,
879 3922 1091 4024 pertinacibus
1121 3921 1200 3996 inv-is
