<?xml version="1.0" encoding="UTF-8"?>
<!DOCTYPE html PUBLIC "-//W3C//DTD XHTML 1.0 Transitional//EN"
    "http://www.w3.org/TR/xhtml1/DTD/xhtml1-transitional.dtd">
<html xmlns="http://www.w3.org/1999/xhtml" xml:lang="en" lang="en">
 <head>
  <title>
</title>
<meta http-equiv="Content-Type" content="text/html;charset=utf-8" />
  <meta name='ocr-system' content='tesseract 3.04.00' />
  <meta name='ocr-capabilities' content='ocr_page ocr_carea ocr_par ocr_line ocrx_word'/>
</head>
<body>
  <div class='ocr_page' id='page_1' title='image "./viaggionellasir00ariogoog_0049.png"; bbox 0 0 2932 4728; ppageno 0'>
   <div class='ocr_carea' id='block_1_1' title="bbox 748 330 925 396">
    <p class='ocr_par' dir='ltr' id='par_1_1' title="bbox 748 330 925 396">
     <span class='ocr_line' id='line_1_1' title="bbox 748 330 925 396; baseline -0.011 -12"><span class='ocrx_word' id='word_1_1' title='bbox 748 330 925 396; x_wconf 60' lang='lat' dir='ltr'>..db-</span> 
     </span>
    </p>
   </div>
   <div class='ocr_carea' id='block_1_2' title="bbox 281 506 1458 3346">
    <p class='ocr_par' dir='ltr' id='par_1_2' title="bbox 281 506 1458 3346">
     <span class='ocr_line' id='line_1_2' title="bbox 394 506 1371 592; baseline -0.001 -12"><span class='ocrx_word' id='word_1_2' title='bbox 394 515 574 580; x_wconf 73' lang='lat' dir='ltr'>atrociter.</span> <span class='ocrx_word' id='word_1_3' title='bbox 605 508 732 575; x_wconf 87' lang='lat' dir='ltr'>Duobus</span> <span class='ocrx_word' id='word_1_4' title='bbox 755 507 804 574; x_wconf 79' lang='lat' dir='ltr'>vix</span> <span class='ocrx_word' id='word_1_5' title='bbox 829 506 962 573; x_wconf 86' lang='lat' dir='ltr'>millibus</span> <span class='ocrx_word' id='word_1_6' title='bbox 993 527 1117 592; x_wconf 88' lang='lat' dir='ltr'>passum</span> <span class='ocrx_word' id='word_1_7' title='bbox 1150 511 1228 578; x_wconf 82' lang='lat' dir='ltr'>Gaza</span> <span class='ocrx_word' id='word_1_8' title='bbox 1252 534 1268 578; x_wconf 95' lang='lat' dir='ltr'>a</span> <span class='ocrx_word' id='word_1_9' title='bbox 1294 513 1371 579; x_wconf 90' lang='lat' dir='ltr'>mari</span> 
     </span>
     <span class='ocr_line' id='line_1_3' title="bbox 306 613 1373 706; baseline -0.003 -19"><span class='ocrx_word' id='word_1_10' title='bbox 306 627 481 706; x_wconf 86' lang='lat' dir='ltr'>separatur,</span> <span class='ocrx_word' id='word_1_11' title='bbox 513 614 638 702; x_wconf 81' lang='lat' dir='ltr'>planicie</span> <span class='ocrx_word' id='word_1_12' title='bbox 669 623 699 680; x_wconf 85' lang='lat' dir='ltr'>et</span> <span class='ocrx_word' id='word_1_13' title='bbox 721 613 847 680; x_wconf 88' lang='lat' dir='ltr'>collibus</span> <span class='ocrx_word' id='word_1_14' title='bbox 878 613 941 678; x_wconf 91' lang='lat' dir='ltr'>sita.</span> <span class='ocrx_word' id='word_1_15' title='bbox 970 613 1109 700; x_wconf 87' lang='lat' dir='ltr'>Namque</span> <span class='ocrx_word' id='word_1_16' title='bbox 1140 615 1177 680; x_wconf 94' lang='lat' dir='ltr'>ad</span> <span class='ocrx_word' id='word_1_17' title='bbox 1208 614 1373 684; x_wconf 91' lang='lat' dir='ltr'>dimidium</span> 
     </span>
     <span class='ocr_line' id='line_1_4' title="bbox 306 719 1458 808; baseline -0.003 -16"><span class='ocrx_word' id='word_1_18' title='bbox 306 727 370 793; x_wconf 85' lang='lat' dir='ltr'>lore</span> <span class='ocrx_word' id='word_1_19' title='bbox 394 726 424 790; x_wconf 91' lang='lat' dir='ltr'>in</span> <span class='ocrx_word' id='word_1_20' title='bbox 446 742 551 807; x_wconf 89' lang='lat' dir='ltr'>campo</span> <span class='ocrx_word' id='word_1_21' title='bbox 581 721 741 808; x_wconf 90' lang='lat' dir='ltr'>arenisque</span> <span class='ocrx_word' id='word_1_22' title='bbox 772 729 882 786; x_wconf 89' lang='lat' dir='ltr'>structa</span> <span class='ocrx_word' id='word_1_23' title='bbox 906 728 968 795; x_wconf 91' lang='lat' dir='ltr'>est,</span> <span class='ocrx_word' id='word_1_24' title='bbox 1001 719 1155 805; x_wconf 90' lang='lat' dir='ltr'>reliquum</span> <span class='ocrx_word' id='word_1_25' title='bbox 1188 742 1259 788; x_wconf 89' lang='lat' dir='ltr'>vero</span> <span class='ocrx_word' id='word_1_26' title='bbox 1290 723 1373 789; x_wconf 92' lang='lat' dir='ltr'>haud</span> <span class='ocrx_word' id='word_1_27' title='bbox 1457 799 1458 802; x_wconf 8' lang='grc' dir='ltr'><strong>Ἴ</strong></span> 
     </span>
     <span class='ocr_line' id='line_1_5' title="bbox 305 809 1458 911; baseline -0.002 -14"><span class='ocrx_word' id='word_1_28' title='bbox 305 829 486 899; x_wconf 86' lang='lat' dir='ltr'>sublimibus</span> <span class='ocrx_word' id='word_1_29' title='bbox 500 827 627 894; x_wconf 88' lang='lat' dir='ltr'>collibus</span> <span class='ocrx_word' id='word_1_30' title='bbox 643 827 793 893; x_wconf 89' lang='lat' dir='ltr'>sublevata</span> <span class='ocrx_word' id='word_1_31' title='bbox 809 835 839 892; x_wconf 86' lang='lat' dir='ltr'>et</span> <span class='ocrx_word' id='word_1_32' title='bbox 853 825 1038 891; x_wconf 90' lang='lat' dir='ltr'>convallibus</span> <span class='ocrx_word' id='word_1_33' title='bbox 1054 836 1146 911; x_wconf 86' lang='lat' dir='ltr'>septa.</span> <span class='ocrx_word' id='word_1_34' title='bbox 1160 829 1256 894; x_wconf 92' lang='lat' dir='ltr'>Porro</span> <span class='ocrx_word' id='word_1_35' title='bbox 1271 831 1374 895; x_wconf 93' lang='lat' dir='ltr'>marit·</span> <span class='ocrx_word' id='word_1_36' title='bbox 1457 809 1458 864; x_wconf 74' lang='lat'>3</span> 
     </span>
     <span class='ocr_line' id='line_1_6' title="bbox 305 930 1371 1020; baseline -0.002 -17"><span class='ocrx_word' id='word_1_37' title='bbox 305 939 396 1003; x_wconf 89' lang='lat' dir='ltr'>timae</span> <span class='ocrx_word' id='word_1_38' title='bbox 410 934 501 1020; x_wconf 90' lang='lat' dir='ltr'>hujus</span> <span class='ocrx_word' id='word_1_39' title='bbox 517 954 587 1000; x_wconf 92' lang='lat' dir='ltr'>orae</span> <span class='ocrx_word' id='word_1_40' title='bbox 610 934 764 1019; x_wconf 90' lang='lat' dir='ltr'>perampla</span> <span class='ocrx_word' id='word_1_41' title='bbox 786 931 891 1017; x_wconf 86' lang='lat' dir='ltr'>Campi</span> <span class='ocrx_word' id='word_1_42' title='bbox 915 930 1066 1016; x_wconf 86' lang='lat' dir='ltr'>planicies,</span> <span class='ocrx_word' id='word_1_43' title='bbox 1088 952 1166 1018; x_wconf 89' lang='lat' dir='ltr'>qnae</span> <span class='ocrx_word' id='word_1_44' title='bbox 1183 933 1371 1003; x_wconf 77' lang='lat' dir='ltr'><strong>illecebrosis</strong></span> 
     </span>
     <span class='ocr_line' id='line_1_7' title="bbox 305 1035 1372 1123; baseline -0.001 -17"><span class='ocrx_word' id='word_1_45' title='bbox 305 1051 351 1107; x_wconf 90' lang='lat' dir='ltr'>est</span> <span class='ocrx_word' id='word_1_46' title='bbox 373 1039 481 1106; x_wconf 85' lang='lat' dir='ltr'>referta</span> <span class='ocrx_word' id='word_1_47' title='bbox 504 1038 665 1123; x_wconf 90' lang='lat' dir='ltr'>pomeriis,</span> <span class='ocrx_word' id='word_1_48' title='bbox 695 1037 852 1122; x_wconf 82' lang='lat' dir='ltr'>multiplici</span> <span class='ocrx_word' id='word_1_49' title='bbox 884 1055 996 1120; x_wconf 83' lang='lat' dir='ltr'>genere</span> <span class='ocrx_word' id='word_1_50' title='bbox 1027 1035 1184 1103; x_wconf 85' lang='lat' dir='ltr'>fructuum</span> <span class='ocrx_word' id='word_1_51' title='bbox 1213 1039 1372 1105; x_wconf 91' lang='lat' dir='ltr'>abundans</span> 
     </span>
     <span class='ocr_line' id='line_1_8' title="bbox 305 1142 1458 1232; baseline -0.003 -19"><span class='ocrx_word' id='word_1_52' title='bbox 305 1157 336 1214; x_wconf 91' lang='lat' dir='ltr'>et</span> <span class='ocrx_word' id='word_1_53' title='bbox 365 1146 492 1231; x_wconf 89' lang='lat' dir='ltr'>copiosa.</span> <span class='ocrx_word' id='word_1_54' title='bbox 525 1144 682 1210; x_wconf 86' lang='lat' dir='ltr'>Convalles</span> <span class='ocrx_word' id='word_1_55' title='bbox 717 1161 809 1219; x_wconf 87' lang='lat' dir='ltr'>vero,</span> <span class='ocrx_word' id='word_1_56' title='bbox 841 1142 993 1229; x_wconf 89' lang='lat' dir='ltr'>collesque</span> <span class='ocrx_word' id='word_1_57' title='bbox 1025 1143 1141 1221; x_wconf 88' lang='lat' dir='ltr'>bortis,</span> <span class='ocrx_word' id='word_1_58' title='bbox 1173 1144 1372 1232; x_wconf 82' lang='lat' dir='ltr'>oleribusque</span> <span class='ocrx_word' id='word_1_59' title='bbox 1457 1191 1458 1232; x_wconf 39' lang='lat' dir='ltr'>a</span> 
     </span>
     <span class='ocr_line' id='line_1_9' title="bbox 303 1247 1369 1343; baseline -0.003 -25"><span class='ocrx_word' id='word_1_60' title='bbox 303 1251 425 1338; x_wconf 88' lang='lat' dir='ltr'>oppleti,</span> <span class='ocrx_word' id='word_1_61' title='bbox 450 1259 480 1343; x_wconf 91' lang='lat' dir='ltr'>et</span> <span class='ocrx_word' id='word_1_62' title='bbox 494 1248 657 1314; x_wconf 88' lang='lat' dir='ltr'>admodum</span> <span class='ocrx_word' id='word_1_63' title='bbox 673 1249 732 1314; x_wconf 90' lang='lat' dir='ltr'>sint</span> <span class='ocrx_word' id='word_1_64' title='bbox 747 1247 832 1315; x_wconf 82' lang='lat' dir='ltr'>olitis</span> <span class='ocrx_word' id='word_1_65' title='bbox 849 1257 948 1312; x_wconf 91' lang='lat' dir='ltr'>tamen</span> <span class='ocrx_word' id='word_1_66' title='bbox 965 1249 1073 1332; x_wconf 88' lang='lat' dir='ltr'>palmis</span> <span class='ocrx_word' id='word_1_67' title='bbox 1097 1249 1163 1335; x_wconf 63' lang='lat' dir='ltr'>plu„</span> <span class='ocrx_word' id='word_1_68' title='bbox 1189 1249 1369 1315; x_wconf 86' lang='lat' dir='ltr'>exuberant.</span> 
     </span>
     <span class='ocr_line' id='line_1_10' title="bbox 304 1357 1458 1456; baseline -0.002 -30"><span class='ocrx_word' id='word_1_69' title='bbox 304 1359 466 1426; x_wconf 82' lang='lat' dir='ltr'>Caeterum</span> <span class='ocrx_word' id='word_1_70' title='bbox 489 1357 563 1424; x_wconf 92' lang='lat' dir='ltr'>urbs</span> <span class='ocrx_word' id='word_1_71' title='bbox 584 1358 668 1444; x_wconf 89' lang='lat' dir='ltr'>ipsa,</span> <span class='ocrx_word' id='word_1_72' title='bbox 693 1359 774 1423; x_wconf 94' lang='lat' dir='ltr'>nulla</span> <span class='ocrx_word' id='word_1_73' title='bbox 798 1377 854 1422; x_wconf 89' lang='lat' dir='ltr'>nec</span> <span class='ocrx_word' id='word_1_74' title='bbox 877 1357 998 1422; x_wconf 90' lang='lat' dir='ltr'>aedium</span> <span class='ocrx_word' id='word_1_75' title='bbox 1028 1359 1196 1424; x_wconf 89' lang='lat' dir='ltr'>illustratur</span> <span class='ocrx_word' id='word_1_76' title='bbox 1230 1359 1371 1444; x_wconf 85' lang='lat' dir='ltr'>magnisr·</span> <span class='ocrx_word' id='word_1_77' title='bbox 1457 1395 1458 1456; x_wconf 54' lang='lat' dir='ltr'>q</span> 
     </span>
     <span class='ocr_line' id='line_1_11' title="bbox 304 1461 1458 1552; baseline 0.002 -20"><span class='ocrx_word' id='word_1_78' title='bbox 304 1466 409 1542; x_wconf 88' lang='lat' dir='ltr'>centia,</span> <span class='ocrx_word' id='word_1_79' title='bbox 432 1465 502 1550; x_wconf 91' lang='lat' dir='ltr'>quia</span> <span class='ocrx_word' id='word_1_80' title='bbox 524 1474 582 1531; x_wconf 90' lang='lat' dir='ltr'>tota</span> <span class='ocrx_word' id='word_1_81' title='bbox 597 1485 692 1550; x_wconf 89' lang='lat' dir='ltr'>paene</span> <span class='ocrx_word' id='word_1_82' title='bbox 707 1466 783 1531; x_wconf 84' lang='lat' dir='ltr'>casis</span> <span class='ocrx_word' id='word_1_83' title='bbox 799 1466 889 1531; x_wconf 89' lang='lat' dir='ltr'>luteis</span> <span class='ocrx_word' id='word_1_84' title='bbox 909 1475 1022 1535; x_wconf 90' lang='lat' dir='ltr'>structa</span> <span class='ocrx_word' id='word_1_85' title='bbox 1044 1475 1099 1545; x_wconf 85' lang='lat' dir='ltr'>cst,</span> <span class='ocrx_word' id='word_1_86' title='bbox 1123 1476 1243 1552; x_wconf 90' lang='lat' dir='ltr'>praeter</span> <span class='ocrx_word' id='word_1_87' title='bbox 1260 1488 1371 1552; x_wconf 90' lang='lat' dir='ltr'>paucas</span> <span class='ocrx_word' id='word_1_88' title='bbox 1457 1461 1458 1546; x_wconf 56' lang='grc' dir='ltr'>ξ</span> 
     </span>
     <span class='ocr_line' id='line_1_12' title="bbox 281 1569 1458 1657; baseline 0.002 -22"><span class='ocrx_word' id='word_1_89' title='bbox 281 1571 507 1657; x_wconf 86' lang='lat' dir='ltr'>antiquorum,</span> <span class='ocrx_word' id='word_1_90' title='bbox 530 1579 564 1636; x_wconf 91' lang='lat' dir='ltr'>ut</span> <span class='ocrx_word' id='word_1_91' title='bbox 585 1569 723 1648; x_wconf 92' lang='lat' dir='ltr'>arbitror,</span> <span class='ocrx_word' id='word_1_92' title='bbox 741 1570 943 1636; x_wconf 89' lang='lat' dir='ltr'>habitatorum</span> <span class='ocrx_word' id='word_1_93' title='bbox 959 1569 1074 1648; x_wconf 90' lang='lat' dir='ltr'>domos,</span> <span class='ocrx_word' id='word_1_94' title='bbox 1099 1580 1129 1636; x_wconf 90' lang='lat' dir='ltr'>et</span> <span class='ocrx_word' id='word_1_95' title='bbox 1151 1571 1371 1656; x_wconf 81' lang='lat' dir='ltr'>insignissimas</span> <span class='ocrx_word' id='word_1_96' title='bbox 1457 1575 1458 1650; x_wconf 71' lang='lat'><em>3</em></span> 
     </span>
     <span class='ocr_line' id='line_1_13' title="bbox 302 1674 1370 1763; baseline 0.004 -23"><span class='ocrx_word' id='word_1_97' title='bbox 302 1674 428 1758; x_wconf 86' lang='lat' dir='ltr'>Soldani</span> <span class='ocrx_word' id='word_1_98' title='bbox 450 1674 542 1760; x_wconf 88' lang='lat' dir='ltr'>hujus</span> <span class='ocrx_word' id='word_1_99' title='bbox 564 1674 664 1753; x_wconf 86' lang='lat' dir='ltr'>aedes,</span> <span class='ocrx_word' id='word_1_100' title='bbox 688 1695 762 1762; x_wconf 90' lang='lat' dir='ltr'>quas</span> <span class='ocrx_word' id='word_1_101' title='bbox 786 1677 867 1741; x_wconf 83' lang='lat' dir='ltr'>vario</span> <span class='ocrx_word' id='word_1_102' title='bbox 891 1684 921 1740; x_wconf 85' lang='lat' dir='ltr'>et</span> <span class='ocrx_word' id='word_1_103' title='bbox 943 1676 1074 1761; x_wconf 85' lang='lat' dir='ltr'>expolito</span> <span class='ocrx_word' id='word_1_104' title='bbox 1097 1695 1249 1742; x_wconf 90' lang='lat' dir='ltr'>marmore</span> <span class='ocrx_word' id='word_1_105' title='bbox 1269 1679 1370 1763; x_wconf 92' lang='lat' dir='ltr'>quoti·</span> 
     </span>
     <span class='ocr_line' id='line_1_14' title="bbox 302 1777 1458 1866; baseline 0.003 -20"><span class='ocrx_word' id='word_1_106' title='bbox 302 1779 392 1846; x_wconf 93' lang='lat' dir='ltr'>diano</span> <span class='ocrx_word' id='word_1_107' title='bbox 407 1799 440 1847; x_wconf 90' lang='lat' dir='ltr'>ac</span> <span class='ocrx_word' id='word_1_108' title='bbox 455 1779 584 1846; x_wconf 90' lang='lat' dir='ltr'>mirilico</span> <span class='ocrx_word' id='word_1_109' title='bbox 600 1779 700 1845; x_wconf 91' lang='lat' dir='ltr'>condit</span> <span class='ocrx_word' id='word_1_110' title='bbox 716 1799 819 1866; x_wconf 88' lang='lat' dir='ltr'>opere.</span> <span class='ocrx_word' id='word_1_111' title='bbox 835 1777 942 1844; x_wconf 81' lang='lat' dir='ltr'>Ambit</span> <span class='ocrx_word' id='word_1_112' title='bbox 956 1789 1057 1846; x_wconf 85' lang='lat' dir='ltr'>autem</span> <span class='ocrx_word' id='word_1_113' title='bbox 1070 1779 1143 1846; x_wconf 90' lang='lat' dir='ltr'>urbs</span> <span class='ocrx_word' id='word_1_114' title='bbox 1155 1782 1218 1866; x_wconf 87' lang='lat' dir='ltr'>ipsa</span> <span class='ocrx_word' id='word_1_115' title='bbox 1234 1783 1370 1850; x_wconf 90' lang='lat' dir='ltr'>millibus</span> <span class='ocrx_word' id='word_1_116' title='bbox 1457 1779 1458 1838; x_wconf 81' lang='lat' dir='ltr'>l</span> 
     </span>
     <span class='ocr_line' id='line_1_15' title="bbox 303 1886 1370 1976; baseline 0.002 -22"><span class='ocrx_word' id='word_1_117' title='bbox 303 1887 401 1955; x_wconf 91' lang='lat' dir='ltr'>tribus</span> <span class='ocrx_word' id='word_1_118' title='bbox 424 1895 454 1953; x_wconf 88' lang='lat' dir='ltr'>et</span> <span class='ocrx_word' id='word_1_119' title='bbox 475 1887 568 1952; x_wconf 92' lang='lat' dir='ltr'>semis</span> <span class='ocrx_word' id='word_1_120' title='bbox 592 1887 638 1951; x_wconf 91' lang='lat' dir='ltr'>vel</span> <span class='ocrx_word' id='word_1_121' title='bbox 661 1886 697 1952; x_wconf 94' lang='lat' dir='ltr'>ad</span> <span class='ocrx_word' id='word_1_122' title='bbox 721 1905 878 1952; x_wconf 91' lang='lat' dir='ltr'>summum</span> <span class='ocrx_word' id='word_1_123' title='bbox 901 1895 1039 1972; x_wconf 89' lang='lat' dir='ltr'>quatuor,</span> <span class='ocrx_word' id='word_1_124' title='bbox 1064 1907 1146 1953; x_wconf 91' lang='lat' dir='ltr'>nunc</span> <span class='ocrx_word' id='word_1_125' title='bbox 1167 1888 1370 1976; x_wconf 87' lang='lat' dir='ltr'>circumsepta</span> 
     </span>
     <span class='ocr_line' id='line_1_16' title="bbox 303 1977 1458 2078; baseline 0.004 -19"><span class='ocrx_word' id='word_1_126' title='bbox 303 2013 402 2060; x_wconf 91' lang='lat' dir='ltr'>muro.</span> <span class='ocrx_word' id='word_1_127' title='bbox 427 1991 474 2078; x_wconf 91' lang='lat' dir='ltr'>(l)</span> <span class='ocrx_word' id='word_1_128' title='bbox 1457 1977 1458 2064; x_wconf 74' lang='lat' dir='ltr'>l</span> 
     </span>
     <span class='ocr_line' id='line_1_17' title="bbox 393 2087 1370 2186; baseline 0.002 -22"><span class='ocrx_word' id='word_1_129' title='bbox 393 2087 562 2164; x_wconf 81' lang='lat' dir='ltr'>Lcdootcua</span> <span class='ocrx_word' id='word_1_130' title='bbox 585 2096 679 2164; x_wconf 89' lang='lat' dir='ltr'>Miror</span> <span class='ocrx_word' id='word_1_131' title='bbox 702 2098 854 2182; x_wconf 85' lang='lat' dir='ltr'>equidem,</span> <span class='ocrx_word' id='word_1_132' title='bbox 879 2101 1001 2169; x_wconf 87' lang='lat' dir='ltr'>Mauros</span> <span class='ocrx_word' id='word_1_133' title='bbox 1025 2100 1159 2186; x_wconf 78' lang='lat' dir='ltr'>egregias</span> <span class='ocrx_word' id='word_1_134' title='bbox 1183 2099 1289 2167; x_wconf 94' lang='lat' dir='ltr'>domos</span> <span class='ocrx_word' id='word_1_135' title='bbox 1308 2121 1370 2168; x_wconf 91' lang='lat' dir='ltr'>non</span> 
     </span>
     <span class='ocr_line' id='line_1_18' title="bbox 303 2200 1280 2292; baseline 0 -21"><span class='ocrx_word' id='word_1_136' title='bbox 303 2223 432 2281; x_wconf 86' lang='lat' dir='ltr'>curare,</span> <span class='ocrx_word' id='word_1_137' title='bbox 456 2221 533 2287; x_wconf 91' lang='lat' dir='ltr'>quos</span> <span class='ocrx_word' id='word_1_138' title='bbox 555 2201 681 2288; x_wconf 88' lang='lat' dir='ltr'>pecunia</span> <span class='ocrx_word' id='word_1_139' title='bbox 705 2200 876 2288; x_wconf 88' lang='lat' dir='ltr'>divitiisque</span> <span class='ocrx_word' id='word_1_140' title='bbox 899 2203 1112 2270; x_wconf 85' lang='lat' dir='ltr'>refertissimos</span> <span class='ocrx_word' id='word_1_141' title='bbox 1136 2203 1280 2292; x_wconf 83' lang='lat' dir='ltr'>intelligo.</span> 
     </span>
     <span class='ocr_line' id='line_1_19' title="bbox 303 2307 1370 2399; baseline 0.001 -21"><span class='ocrx_word' id='word_1_142' title='bbox 303 2312 484 2378; x_wconf 68' lang='lat' dir='ltr'>absander.</span> <span class='ocrx_word' id='word_1_143' title='bbox 508 2307 543 2374; x_wconf 96' lang='lat' dir='ltr'>ld</span> <span class='ocrx_word' id='word_1_144' title='bbox 559 2307 684 2373; x_wconf 90' lang='lat' dir='ltr'>minime</span> <span class='ocrx_word' id='word_1_145' title='bbox 700 2309 871 2375; x_wconf 92' lang='lat' dir='ltr'>mirandum</span> <span class='ocrx_word' id='word_1_146' title='bbox 895 2320 949 2388; x_wconf 89' lang='lat' dir='ltr'>est,</span> <span class='ocrx_word' id='word_1_147' title='bbox 967 2310 1008 2375; x_wconf 93' lang='lat' dir='ltr'>mi</span> <span class='ocrx_word' id='word_1_148' title='bbox 1032 2309 1206 2378; x_wconf 78' lang='lat' dir='ltr'>Alexander</span> <span class='ocrx_word' id='word_1_149' title='bbox 1229 2313 1370 2399; x_wconf 92' lang='lat' dir='ltr'>quisquis</span> 
     </span>
     <span class='ocr_line' id='line_1_20' title="bbox 300 2412 1371 2503; baseline 0.001 -22"><span class='ocrx_word' id='word_1_150' title='bbox 300 2416 414 2483; x_wconf 91' lang='lat' dir='ltr'>borum</span> <span class='ocrx_word' id='word_1_151' title='bbox 448 2433 549 2479; x_wconf 88' lang='lat' dir='ltr'>mores</span> <span class='ocrx_word' id='word_1_152' title='bbox 580 2412 717 2499; x_wconf 82' lang='lat' dir='ltr'>vitaeque</span> <span class='ocrx_word' id='word_1_153' title='bbox 751 2413 974 2498; x_wconf 86' lang='lat' dir='ltr'>improbitatem</span> <span class='ocrx_word' id='word_1_154' title='bbox 1009 2415 1096 2480; x_wconf 91' lang='lat' dir='ltr'>norit.</span> <span class='ocrx_word' id='word_1_155' title='bbox 1128 2415 1218 2481; x_wconf 93' lang='lat' dir='ltr'>Nulla</span> <span class='ocrx_word' id='word_1_156' title='bbox 1253 2416 1371 2503; x_wconf 89' lang='lat' dir='ltr'>quippe</span> 
     </span>
     <span class='ocr_line' id='line_1_21' title="bbox 303 2519 1369 2608; baseline -0.001 -19"><span class='ocrx_word' id='word_1_157' title='bbox 303 2521 520 2590; x_wconf 89' lang='lat' dir='ltr'>benivolentiae</span> <span class='ocrx_word' id='word_1_158' title='bbox 542 2519 683 2585; x_wconf 86' lang='lat' dir='ltr'>charitate</span> <span class='ocrx_word' id='word_1_159' title='bbox 707 2520 840 2605; x_wconf 87' lang='lat' dir='ltr'>posteris·</span> <span class='ocrx_word' id='word_1_160' title='bbox 857 2521 920 2585; x_wconf 94' lang='lat' dir='ltr'>suis</span> <span class='ocrx_word' id='word_1_161' title='bbox 943 2519 1132 2598; x_wconf 88' lang='lat' dir='ltr'>alliciuntur,</span> <span class='ocrx_word' id='word_1_162' title='bbox 1156 2523 1239 2588; x_wconf 90' lang='lat' dir='ltr'>nulla</span> <span class='ocrx_word' id='word_1_163' title='bbox 1261 2523 1369 2608; x_wconf 88' lang='lat' dir='ltr'>pietas,</span> 
     </span>
     <span class='ocr_line' id='line_1_22' title="bbox 299 2623 1370 2712; baseline 0 -19"><span class='ocrx_word' id='word_1_164' title='bbox 299 2627 405 2693; x_wconf 90' lang='lat' dir='ltr'>nullus</span> <span class='ocrx_word' id='word_1_165' title='bbox 428 2644 512 2691; x_wconf 90' lang='lat' dir='ltr'>amor</span> <span class='ocrx_word' id='word_1_166' title='bbox 535 2625 565 2690; x_wconf 91' lang='lat' dir='ltr'>in</span> <span class='ocrx_word' id='word_1_167' title='bbox 589 2623 721 2702; x_wconf 89' lang='lat' dir='ltr'>liberos,</span> <span class='ocrx_word' id='word_1_168' title='bbox 746 2642 844 2708; x_wconf 93' lang='lat' dir='ltr'>quum</span> <span class='ocrx_word' id='word_1_169' title='bbox 868 2643 923 2690; x_wconf 88' lang='lat' dir='ltr'>nec</span> <span class='ocrx_word' id='word_1_170' title='bbox 946 2623 1098 2709; x_wconf 82' lang='lat' dir='ltr'>legittimis</span> <span class='ocrx_word' id='word_1_171' title='bbox 1122 2633 1192 2690; x_wconf 91' lang='lat' dir='ltr'>sunt</span> <span class='ocrx_word' id='word_1_172' title='bbox 1214 2628 1370 2712; x_wconf 83' lang='lat' dir='ltr'>propagati</span> 
     </span>
     <span class='ocr_line' id='line_1_23' title="bbox 301 2729 1368 2820; baseline -0.001 -20"><span class='ocrx_word' id='word_1_173' title='bbox 301 2732 500 2820; x_wconf 83' lang='lat' dir='ltr'>conjugibus,</span> <span class='ocrx_word' id='word_1_174' title='bbox 532 2730 609 2797; x_wconf 93' lang='lat' dir='ltr'>sicut</span> <span class='ocrx_word' id='word_1_175' title='bbox 631 2751 647 2795; x_wconf 91' lang='lat' dir='ltr'>a</span> <span class='ocrx_word' id='word_1_176' title='bbox 670 2729 768 2820; x_wconf 89' lang='lat' dir='ltr'>divina</span> <span class='ocrx_word' id='word_1_177' title='bbox 796 2730 862 2814; x_wconf 82' lang='lat' dir='ltr'>lege</span> <span class='ocrx_word' id='word_1_178' title='bbox 893 2731 1041 2796; x_wconf 92' lang='lat' dir='ltr'>sancitum</span> <span class='ocrx_word' id='word_1_179' title='bbox 1073 2740 1127 2796; x_wconf 91' lang='lat' dir='ltr'>est.</span> <span class='ocrx_word' id='word_1_180' title='bbox 1160 2732 1281 2818; x_wconf 86' lang='lat' dir='ltr'>Quippe</span> <span class='ocrx_word' id='word_1_181' title='bbox 1304 2743 1368 2799; x_wconf 92' lang='lat' dir='ltr'>tres</span> 
     </span>
     <span class='ocr_line' id='line_1_24' title="bbox 297 2825 1367 2926; baseline -0.001 -21"><span class='ocrx_word' id='word_1_182' title='bbox 297 2847 468 2926; x_wconf 88' lang='lat' dir='ltr'>quatuorve</span> <span class='ocrx_word' id='word_1_183' title='bbox 491 2847 521 2903; x_wconf 89' lang='lat' dir='ltr'>et</span> <span class='ocrx_word' id='word_1_184' title='bbox 542 2825 646 2922; x_wconf 88' lang='lat' dir='ltr'>plures</span> <span class='ocrx_word' id='word_1_185' title='bbox 670 2835 768 2913; x_wconf 89' lang='lat' dir='ltr'>etiam,</span> <span class='ocrx_word' id='word_1_186' title='bbox 792 2845 826 2901; x_wconf 91' lang='lat' dir='ltr'>ut</span> <span class='ocrx_word' id='word_1_187' title='bbox 849 2836 950 2914; x_wconf 88' lang='lat' dir='ltr'>lubet,</span> <span class='ocrx_word' id='word_1_188' title='bbox 975 2836 1090 2902; x_wconf 91' lang='lat' dir='ltr'>ducunt</span> <span class='ocrx_word' id='word_1_189' title='bbox 1113 2858 1242 2916; x_wconf 85' lang='lat' dir='ltr'>uxores,</span> <span class='ocrx_word' id='word_1_190' title='bbox 1257 2839 1367 2925; x_wconf 89' lang='lat' dir='ltr'>quoad</span> 
     </span>
     <span class='ocr_line' id='line_1_25' title="bbox 301 2939 1366 3028; baseline -0.001 -17"><span class='ocrx_word' id='word_1_191' title='bbox 301 2939 352 3011; x_wconf 82' lang='lat' dir='ltr'>eas</span> <span class='ocrx_word' id='word_1_192' title='bbox 375 2945 473 3009; x_wconf 86' lang='lat' dir='ltr'>valent</span> <span class='ocrx_word' id='word_1_193' title='bbox 495 2943 639 3009; x_wconf 89' lang='lat' dir='ltr'>enutrire.</span> <span class='ocrx_word' id='word_1_194' title='bbox 663 2944 826 3028; x_wconf 90' lang='lat' dir='ltr'>Propterea</span> <span class='ocrx_word' id='word_1_195' title='bbox 850 2941 884 3007; x_wconf 89' lang='lat' dir='ltr'>srt</span> <span class='ocrx_word' id='word_1_196' title='bbox 906 2952 940 3008; x_wconf 91' lang='lat' dir='ltr'>ut</span> <span class='ocrx_word' id='word_1_197' title='bbox 964 2943 1085 3009; x_wconf 86' lang='lat' dir='ltr'>exclusa</span> <span class='ocrx_word' id='word_1_198' title='bbox 1116 2943 1251 3010; x_wconf 88' lang='lat' dir='ltr'>liliorum</span> <span class='ocrx_word' id='word_1_199' title='bbox 1274 2944 1366 3010; x_wconf 89' lang='lat' dir='ltr'>bene·</span> 
     </span>
     <span class='ocr_line' id='line_1_26' title="bbox 301 3049 1368 3140; baseline 0.001 -26"><span class='ocrx_word' id='word_1_200' title='bbox 301 3050 439 3126; x_wconf 90' lang='lat' dir='ltr'>volentia,</span> <span class='ocrx_word' id='word_1_201' title='bbox 463 3049 619 3115; x_wconf 91' lang='lat' dir='ltr'>diuturnas</span> <span class='ocrx_word' id='word_1_202' title='bbox 635 3069 668 3115; x_wconf 91' lang='lat' dir='ltr'>se</span> <span class='ocrx_word' id='word_1_203' title='bbox 685 3049 800 3127; x_wconf 91' lang='lat' dir='ltr'>domos,</span> <span class='ocrx_word' id='word_1_204' title='bbox 817 3049 913 3116; x_wconf 88' lang='lat' dir='ltr'>coctili</span> <span class='ocrx_word' id='word_1_205' title='bbox 934 3051 1027 3115; x_wconf 89' lang='lat' dir='ltr'>latere</span> <span class='ocrx_word' id='word_1_206' title='bbox 1044 3058 1074 3114; x_wconf 88' lang='lat' dir='ltr'>et</span> <span class='ocrx_word' id='word_1_207' title='bbox 1097 3051 1177 3116; x_wconf 91' lang='lat' dir='ltr'>calce</span> <span class='ocrx_word' id='word_1_208' title='bbox 1201 3061 1368 3140; x_wconf 87' lang='lat' dir='ltr'>compactas</span> 
     </span>
     <span class='ocr_line' id='line_1_27' title="bbox 300 3156 1367 3242; baseline 0.001 -22"><span class='ocrx_word' id='word_1_209' title='bbox 300 3165 420 3222; x_wconf 92' lang='lat' dir='ltr'>struere</span> <span class='ocrx_word' id='word_1_210' title='bbox 443 3156 680 3240; x_wconf 67' lang='lat' dir='ltr'>negligentum</span> <span class='ocrx_word' id='word_1_211' title='bbox 704 3156 767 3221; x_wconf 91' lang='lat' dir='ltr'>luto</span> <span class='ocrx_word' id='word_1_212' title='bbox 790 3167 819 3220; x_wconf 91' lang='lat' dir='ltr'>et</span> <span class='ocrx_word' id='word_1_213' title='bbox 834 3157 943 3242; x_wconf 90' lang='lat' dir='ltr'>stipula</span> <span class='ocrx_word' id='word_1_214' title='bbox 966 3156 1114 3242; x_wconf 90' lang='lat' dir='ltr'>brevique</span> <span class='ocrx_word' id='word_1_215' title='bbox 1130 3175 1251 3221; x_wconf 89' lang='lat' dir='ltr'>casuras</span> <span class='ocrx_word' id='word_1_216' title='bbox 1276 3157 1367 3221; x_wconf 91' lang='lat' dir='ltr'>satius</span> 
     </span>
     <span class='ocr_line' id='line_1_28' title="bbox 300 3251 1458 3346; baseline 0 -22"><span class='ocrx_word' id='word_1_217' title='bbox 300 3260 406 3325; x_wconf 86' lang='lat' dir='ltr'>malint</span> <span class='ocrx_word' id='word_1_218' title='bbox 434 3259 555 3325; x_wconf 71' lang='lat' dir='ltr'>babere,</span> <span class='ocrx_word' id='word_1_219' title='bbox 587 3261 665 3326; x_wconf 88' lang='lat' dir='ltr'>Satis</span> <span class='ocrx_word' id='word_1_220' title='bbox 696 3260 720 3325; x_wconf 89' lang='lat' dir='ltr'>sl</span> <span class='ocrx_word' id='word_1_221' title='bbox 752 3259 876 3345; x_wconf 92' lang='lat' dir='ltr'>quidem</span> <span class='ocrx_word' id='word_1_222' title='bbox 908 3279 1061 3346; x_wconf 88' lang='lat' dir='ltr'>supraque</span> <span class='ocrx_word' id='word_1_223' title='bbox 1091 3279 1159 3325; x_wconf 92' lang='lat' dir='ltr'>esse</span> <span class='ocrx_word' id='word_1_224' title='bbox 1182 3269 1311 3346; x_wconf 90' lang='lat' dir='ltr'>putant,</span> <span class='ocrx_word' id='word_1_225' title='bbox 1342 3251 1367 3325; x_wconf 84' lang='lat' dir='ltr'>si</span> <span class='ocrx_word' id='word_1_226' title='bbox 1457 3333 1458 3344; x_wconf 17' lang='lat' dir='ltr'>q</span> 
     </span>
    </p>
   </div>
   <div class='ocr_carea' id='block_1_3' title="bbox 293 3364 1458 3970">
    <p class='ocr_par' dir='ltr' id='par_1_3' title="bbox 300 3364 1458 3514">
     <span class='ocr_line' id='line_1_29' title="bbox 300 3364 1458 3456; baseline -0.002 -24"><span class='ocrx_word' id='word_1_227' title='bbox 300 3366 400 3451; x_wconf 92' lang='lat' dir='ltr'>quoad</span> <span class='ocrx_word' id='word_1_228' title='bbox 425 3365 551 3431; x_wconf 87' lang='lat' dir='ltr'>vixerint</span> <span class='ocrx_word' id='word_1_229' title='bbox 574 3364 703 3432; x_wconf 89' lang='lat' dir='ltr'>habeant</span> <span class='ocrx_word' id='word_1_230' title='bbox 726 3366 784 3430; x_wconf 92' lang='lat' dir='ltr'>sibi</span> <span class='ocrx_word' id='word_1_231' title='bbox 809 3365 970 3432; x_wconf 92' lang='lat' dir='ltr'>domorum</span> <span class='ocrx_word' id='word_1_232' title='bbox 985 3375 1075 3452; x_wconf 91' lang='lat' dir='ltr'>atque</span> <span class='ocrx_word' id='word_1_233' title='bbox 1098 3367 1254 3452; x_wconf 89' lang='lat' dir='ltr'>pecuniae.</span> <span class='ocrx_word' id='word_1_234' title='bbox 1279 3365 1370 3446; x_wconf 81' lang='lat' dir='ltr'>Quid·</span> <span class='ocrx_word' id='word_1_235' title='bbox 1457 3369 1458 3456; x_wconf 66' lang='grc' dir='ltr'>ξ</span> 
     </span>
     <span class='ocr_line' id='line_1_30' title="bbox 1457 3483 1458 3514; baseline 0 0"><span class='ocrx_word' id='word_1_236' title='bbox 1457 3483 1458 3514; x_wconf 93' lang='lat' dir='ltr'>l</span> 
     </span>
    </p>

    <p class='ocr_par' dir='ltr' id='par_1_4' title="bbox 293 3638 1458 3970">
     <span class='ocr_line' id='line_1_31' title="bbox 372 3638 1368 3714; baseline 0.005 -21"><span class='ocrx_word' id='word_1_237' title='bbox 372 3639 412 3708; x_wconf 86' lang='lat' dir='ltr'>(l)</span> <span class='ocrx_word' id='word_1_238' title='bbox 437 3638 581 3696; x_wconf 86' lang='lat' dir='ltr'>·Gazzera</span> <span class='ocrx_word' id='word_1_239' title='bbox 599 3642 614 3696; x_wconf 78' lang='lat' dir='ltr'>e</span> <span class='ocrx_word' id='word_1_240' title='bbox 634 3639 741 3714; x_wconf 63' lang='lat' dir='ltr'>grande</span> <span class='ocrx_word' id='word_1_241' title='bbox 767 3649 854 3710; x_wconf 87' lang='lat' dir='ltr'>terra,</span> <span class='ocrx_word' id='word_1_242' title='bbox 874 3641 907 3698; x_wconf 92' lang='lat' dir='ltr'>ed</span> <span class='ocrx_word' id='word_1_243' title='bbox 931 3640 1016 3698; x_wconf 85' lang='lat' dir='ltr'>harri</span> <span class='ocrx_word' id='word_1_244' title='bbox 1039 3641 1115 3698; x_wconf 88' lang='lat' dir='ltr'>molti</span> <span class='ocrx_word' id='word_1_245' title='bbox 1141 3641 1265 3699; x_wconf 89' lang='lat' dir='ltr'>abitanti.</span> <span class='ocrx_word' id='word_1_246' title='bbox 1285 3641 1368 3699; x_wconf 80' lang='lat' dir='ltr'>Tiona</span> 
     </span>
     <span class='ocr_line' id='line_1_32' title="bbox 300 3726 1458 3802; baseline 0.003 -22"><span class='ocrx_word' id='word_1_247' title='bbox 300 3729 371 3780; x_wconf 90' lang='lat' dir='ltr'>tutto</span> <span class='ocrx_word' id='word_1_248' title='bbox 389 3744 404 3780; x_wconf 86' lang='lat' dir='ltr'>a</span> <span class='ocrx_word' id='word_1_249' title='bbox 422 3733 494 3781; x_wconf 85' lang='lat' dir='ltr'>terra</span> <span class='ocrx_word' id='word_1_250' title='bbox 511 3726 714 3796; x_wconf 86' lang='lat' dir='ltr'>contadinesca,</span> <span class='ocrx_word' id='word_1_251' title='bbox 733 3744 781 3799; x_wconf 89' lang='lat' dir='ltr'>per</span> <span class='ocrx_word' id='word_1_252' title='bbox 799 3728 928 3795; x_wconf 87' lang='lat' dir='ltr'>abitanti,</span> <span class='ocrx_word' id='word_1_253' title='bbox 953 3745 1002 3802; x_wconf 90' lang='lat' dir='ltr'>per</span> <span class='ocrx_word' id='word_1_254' title='bbox 1021 3743 1081 3786; x_wconf 88' lang='lat' dir='ltr'>case</span> <span class='ocrx_word' id='word_1_255' title='bbox 1100 3745 1114 3786; x_wconf 90' lang='lat' dir='ltr'>e</span> <span class='ocrx_word' id='word_1_256' title='bbox 1134 3745 1182 3801; x_wconf 85' lang='lat' dir='ltr'>per</span> <span class='ocrx_word' id='word_1_257' title='bbox 1200 3737 1280 3785; x_wconf 89' lang='lat' dir='ltr'>tutto.</span> <span class='ocrx_word' id='word_1_258' title='bbox 1303 3731 1369 3786; x_wconf 91' lang='lat' dir='ltr'>Pos·</span> <span class='ocrx_word' id='word_1_259' title='bbox 1457 3769 1458 3784; x_wconf 46' lang='lat' dir='ltr'>i</span> 
     </span>
     <span class='ocr_line' id='line_1_33' title="bbox 300 3810 1458 3891; baseline 0.008 -25"><span class='ocrx_word' id='word_1_260' title='bbox 300 3810 373 3868; x_wconf 86' lang='lat' dir='ltr'>slede</span> <span class='ocrx_word' id='word_1_261' title='bbox 391 3811 475 3868; x_wconf 92' lang='lat' dir='ltr'>nobili</span> <span class='ocrx_word' id='word_1_262' title='bbox 492 3812 605 3881; x_wconf 82' lang='lat' dir='ltr'>terreni,</span> <span class='ocrx_word' id='word_1_263' title='bbox 630 3813 697 3871; x_wconf 87' lang='lat' dir='ltr'>bene</span> <span class='ocrx_word' id='word_1_264' title='bbox 721 3813 861 3886; x_wconf 83' lang='lat' dir='ltr'>lutpomati</span> <span class='ocrx_word' id='word_1_265' title='bbox 880 3814 908 3871; x_wconf 93' lang='lat' dir='ltr'>di</span> <span class='ocrx_word' id='word_1_266' title='bbox 926 3816 987 3890; x_wconf 79' lang='lat' dir='ltr'>ogni</span> <span class='ocrx_word' id='word_1_267' title='bbox 1013 3816 1123 3891; x_wconf 81' lang='lat' dir='ltr'>ragione</span> <span class='ocrx_word' id='word_1_268' title='bbox 1147 3816 1247 3878; x_wconf 84' lang='lat' dir='ltr'>lrutti·</span> <span class='ocrx_word' id='word_1_269' title='bbox 1275 3817 1367 3890; x_wconf 78' lang='lat' dir='ltr'>Sigoli.</span> <span class='ocrx_word' id='word_1_270' title='bbox 1457 3815 1458 3828; x_wconf 54' lang='lat'>³</span> 
     </span>
     <span class='ocr_line' id='line_1_34' title="bbox 293 3897 825 3970; baseline 0.004 -16"><span class='ocrx_word' id='word_1_271' title='bbox 293 3898 340 3956; x_wconf 17' lang='lat' dir='ltr'>&#39;La</span> <span class='ocrx_word' id='word_1_272' title='bbox 358 3897 484 3954; x_wconf 81' lang='lat' dir='ltr'>moderna</span> <span class='ocrx_word' id='word_1_273' title='bbox 506 3899 612 3956; x_wconf 88' lang='lat' dir='ltr'>Gazzab</span> <span class='ocrx_word' id='word_1_274' title='bbox 630 3900 666 3957; x_wconf 91' lang='lat' dir='ltr'>ba</span> <span class='ocrx_word' id='word_1_275' title='bbox 684 3900 764 3970; x_wconf 84' lang='lat'>5,000</span> <span class='ocrx_word' id='word_1_276' title='bbox 782 3900 825 3957; x_wconf 90' lang='lat' dir='ltr'>ab.</span> 
     </span>
    </p>
   </div>
   <div class='ocr_carea' id='block_1_4' title="bbox 0 0 1470 4728">
    <p class='ocr_par' dir='ltr' id='par_1_5' title="bbox 0 0 1470 4728">
     <span class='ocr_line' id='line_1_35' title="bbox 0 0 1470 4728; baseline 0 2"><span class='ocrx_word' id='word_1_277' title='bbox 0 0 1470 4728; x_wconf 95' lang='lat' dir='ltr'> </span> 
     </span>
    </p>
   </div>
  </div>
 </body>
</html>
