2970 4730
583 321 762 388 -.-89-.

140 517 231 566 suum
251 505 369 582 septem
385 497 514 562 millium
530 496 685 564 intervallo
701 509 889 584 separantur,
909 508 968 566 313
985 497 1054 565 Nilo
1069 509 1208 589 quatuor,

139 607 265 691 viceque
287 605 421 689 apposito
444 603 589 669 Busirem
613 603 659 690 (l)
694 607 917 684 conterminae,
942 627 997 692 per
1020 606 1151 674 lrontem
1176 617 1210 673 ut

137 709 230 798 ajunt,
262 719 385 776 centum
409 710 485 775 duos
514 709 607 794 pedes
629 712 758 796 amplae,
782 712 968 798 longitudine
992 721 1114 778 centum
1138 734 1208 800 qua·

137 815 273 901 draginta
297 815 389 880 trium
414 813 538 894 dilatae,
563 815 718 881 altitudine
741 825 866 882 centum
891 817 1042 902 sexaginta
1066 818 1207 895 duorum,

136 931 172 988 ut
194 941 251 987 nec
274 921 364 987 etiam
386 919 518 1006 cujusvis
550 921 730 988 validissimo
754 923 875 1008 sagittae
895 922 997 1009 jactu,
1029 933 1139 1010 queant
1162 944 1208 990 su·

137 1027 249 1113 perari.
282 1027 402 1102 Etenim
433 1027 510 1091 ultra
545 1046 667 1091 omnem
701 1026 971 1104 excelsitudinem,
1007 1047 1085 1114 quae
1115 1047 1208 1094 manu

137 1134 205 1200 fieri
231 1134 333 1219 possit,
358 1132 519 1219 fastigiatae
535 1142 616 1211 sunt,
633 1133 777 1218 paulatim
793 1133 966 1220 sensimque
989 1135 1208 1219 graciliscentes

137 1240 167 1307 in
189 1241 358 1316 acuitatem,
382 1239 562 1326 quindecim
578 1239 675 1305 ferme
691 1239 804 1324 pedum
827 1239 977 1307 desinunt.
1002 1242 1048 1305 Ex
1072 1240 1207 1308 Arabicis

136 1347 304 1431 lapidicinis
327 1347 469 1432 saxisque
500 1345 672 1431 ingentibus
695 1354 725 1411 et
747 1346 897 1432 quadratis
921 1346 1096 1412 elaboratae.
1127 1350 1206 1428 Qua·

136 1473 206 1519 rum
229 1452 444 1518 aedificationis
468 1471 600 1530 causam,
618 1452 729 1518 variam
745 1452 871 1539 quidem
890 1472 924 1518 ac
946 1472 1055 1518 vanam
1078 1453 1207 1520 afferunt

132 1559 312 1626 scribentes.
336 1559 484 1639 Quoniam
509 1576 595 1644 reges
618 1557 768 1643 Aegypti,
801 1567 852 1624 aut
875 1578 925 1624 eas
948 1558 1039 1624 otiosa
1062 1579 1095 1625 33
1118 1561 1207 1626 313113

135 1665 332 1731 ostentatione
363 1664 583 1742 condiderunt,
615 1672 665 1729 aut
688 1683 726 1728 ne
758 1665 885 1730 aemulis
917 1664 1125 1732 insidiantibus
1159 1667 1207 1733 vel

131 1770 363 1837 successoribus
385 1770 537 1835 cumulata
554 1768 778 1854 relinqueretur
793 1769 930 1854 pecunia,
947 1778 998 1835 331
1021 1790 1059 1836 33
1075 1755 1206 1858 Aegypti

132 1877 267 1964 populus
293 1895 365 1941 vano
391 1883 527 1961 torperet
558 1875 626 1940 otio.
650 1874 720 1940 11133
744 1895 815 1940 3313
838 1874 948 1960 loseph
974 1875 1082 1943 horrea
1112 1877 1205 1946 luisse

134 1994 168 2050 31
202 1984 399 2070 quamplures
422 1981 575 2048 affirmare
599 1991 768 2058 conantur,
793 1981 933 2047 abhorret
963 2003 979 2047 3
1002 1984 1125 2049 veritate
1149 1985 1203 2052 rei.

134 2091 176 2158 Ut
198 2089 362 2154 ridiculum
396 2096 539 2173 appareat
569 2086 615 2172 ijs,
648 2088 701 2173 qui
736 2107 786 2152 eas
810 2087 1037 2173 diligentissime
1056 2097 1207 2180 'contem-

135 2196 206 2280 plati
229 2203 308 2273 sunt,
333 2195 475 2281 quoniam
499 2202 530 2258 et
553 2213 604 2258 eas
626 2212 727 2279 neque
750 2194 854 2259 inanes
877 2214 1020 2261 vacuasve
1043 2197 1204 2283 aliquando

130 2301 229 2367 luisse
252 2307 374 2366 constat.
399 2298 460 2366 Sed
482 2297 615 2363 solidum
639 2318 715 2382 opus
743 2307 772 2363 et
795 2308 978 2365 caementato
1002 2301 1099 2386 lapide
1123 2323 1206 2388 pror·

134 2425 187 2471 sus
211 2406 388 2490 oppletum,
412 2424 473 2490 quo
496 2423 577 2469 nunc
600 2403 638 2468 ad
662 2403 782 2468 illarum
806 2403 977 2488 ingressum
1001 2406 1138 2474 ullumve
1171 2428 1203 2475 o·

134 2511 258 2577 stiolum
289 2519 386 2596 pateat
415 2512 463 2576 vel
493 2509 651 2586 foramen,
683 2527 868 2595 quamquam
891 2509 922 2572 in
953 2509 1069 2576 inieras
1092 2522 1203 2598 partes,

134 2615 283 2702 quaedam
307 2615 399 2682 veluti
421 2624 504 2681 antra
524 2614 628 2679 minus
643 2633 722 2690 cava,
735 2611 856 2677 artilicis
880 2631 973 2678 manu
997 2622 1109 2682 structa
1133 2618 1201 2706 sint.

133 2722 193 2790 Ubi
211 2731 241 2786 et
256 2720 392 2787 Amasim
409 2741 512 2807 regem
528 2719 682 2786 conditum
696 2717 791 2784 fuisse
807 2727 912 2804 putant
934 2720 1081 2807 plerique.
1102 2723 1143 2790 At
1165 2724 1202 2791 de

125 2827 181 2894 ,his
206 2829 274 2893 satis
298 2828 360 2905 tibi,
384 2827 427 2893 mi
446 2827 608 2894 Ludovice.
626 2825 815 2892 Neclectam
839 2825 943 2891 videre
964 2827 1068 2894 videor
1091 2831 1203 2920 quibus

133 2943 164 3001 et
185 2935 211 3000 si
234 2934 407 3020 pyramides
441 2933 550 3018 loseph
582 2932 689 2999 131133
722 2952 781 2998 333
812 2931 926 3011 131333,
958 2943 1059 3021 aperta
1090 2937 1202 3016 ratione

126 3042 318 3107 convincam.
349 3042 392 3106 lla
415 3048 514 3106 tamen
546 3040 661 3125 quoin
693 3040 758 3104 loco
791 3047 959 3124 perstructa
991 3041 1069 3120 sint,
1101 3044 1203 3109 minus

92 3197 95 3202 .
133 3145 273 3212 dixerim.
304 3145 556 3231 Quandoquidem
586 3145 809 3230 exscriptoris
843 3145 966 3232 liqueat,
998 3147 1107 3232 loseph
1138 3149 1202 3214 viro

133 3261 233 3318 sancto
256 3273 289 3318 ac
304 3253 429 3337 sapienti
445 3251 611 3336 delegatam
626 3250 721 3316 luisse
740 3272 757 3315 a
774 3250 930 3316 Pharaone
947 3252 1096 3337 Diopolito
1117 3253 1202 3338 regni
1299 3239 1302 3245 ⁴

127 3357 275 3443 -Aegyptiy'
300 3357 608 3433 administrationem,
640 3355 879 3442 praesertimque
908 3374 1012 3421 curam
1035 3355 1201 3421 frumenta·

133 3465 219 3530 riam.
243 3466 308 3542 Qua
325 3463 471 3529 nimirum
486 3483 557 3530 cum
572 3462 653 3548 apud
668 3462 841 3547 Aegyptum
856 3469 973 3546 septem
988 3481 1081 3526 annos
1104 3461 1202 3527 insoli·

135 3591 359 3608 m

204 3651 244 3720 (l)
263 3649 374 3718 Busiro,
403 3649 436 3707 od
456 3649 593 3717 Abousir,
621 3649 638 3704 l’
651 3647 742 3704 antica
768 3646 887 3715 Busiris,
908 3648 923 3703 ὸ
944 3647 1015 3704 31111
1041 3646 1083 3703 del
1113 3643 1201 3705 Medio

134 3737 240 3811 Egitto,
258 3739 328 3796 sulla
346 3739 406 3795 riva
424 3739 536 3795 sinistra
553 3737 595 3795 del
614 3737 685 3805 Nilo,
704 3735 949 3809 pocbichilometrl
967 3735 1041 3808 longi
1058 3735 1103 3792 dal
1121 3737 1201 3794 Caico

134 3829 160 3884 al
172 3828 198 3884 S.
212 3828 244 3886 0.
258 3829 293 3885 Vi
308 3829 333 3886 si
348 3828 454 3888 redono
467 3843 567 3886 ancora
588 3826 682 3884 rorine
703 3824 731 3881 di
752 3823 888 3898 piramidi,
910 3824 1033 3882 ecelobrl
1047 3825 1200 3882 catacumba

134 3915 272 3974 d'uccolli.
320 3961 321 3966 ,
