2970 4730
546 372 723 445 ..85-

111 567 162 641 gne
176 549 205 621 et
231 554 338 640 opibus
355 546 510 640 expoliato,
527 555 636 622 deinde
653 556 751 644 Cyrus
763 569 821 622 'rex
837 560 1010 638 Persarum,
1028 562 1163 629 funditus

112 663 216 739 evertit,
233 682 330 748 quum
346 662 501 728 Eufratem
518 661 646 728 fluvium
662 663 792 730 mediam
809 665 1034 732 interfluentem
1047 668 1168 747 urbem,

111 768 138 832 in
158 769 255 833 alveos
279 788 372 853 paene
395 769 571 837 innumeros
598 771 772 852 derivasset,
796 794 858 860 quo
881 774 963 840 vadis
988 776 1168 842 meabilibus

112 874 162 939 sihi
182 875 296 940 aditum
319 876 505 960 patefaceret.
523 878 685 944 Caeterum
701 880 818 946 ethaeo
840 901 921 948 nunc
936 883 1060 947 Babilon
1077 901 1168 969 quam

112 981 175 1066 Syri
188 985 329 1067 chhded
352 981 399 1067 (1)
426 993 610 1069 nuncupant.
638 985 760 1051 Etenim
790 989 899 1054 Ursum
925 991 1042 1057 Cassan
1065 987 1168 1065 filius,

112 1086 198 1172 patrio
232 1086 397 1152 succedens
420 1087 565 1172 imperio,
589 1089 718 1174 imperio
750 1110 858 1176 magno
885 1093 1036 1178 imperitat
1058 1093 1169 1178 princi·
1280 1094 1282 1098 ’

111 1202 214 1277 patum,
237 1214 255 1258 a
277 1193 379 1258 Persis
409 1193 564 1260 Caldeisve
594 1204 762 1283 utcumque
793 1207 839 1263 cst
869 1197 1005 1265 habitata.
1036 1198 1167 1265 Tametsi

112 1299 275 1385 ingentibus
299 1299 393 1364 ruinis
417 1310 563 1384 prostrata
587 1301 687 1381 iaceat,
710 1322 781 1388 agro
798 1305 886 1370 totius
903 1305 1025 1371 orientis
1048 1305 1169 1370 fertilis·

113 1408 181 1472 simo
196 1406 329 1491 praedita
353 1415 407 1471 est.
424 1405 465 1471 At
488 1405 541 1472 ista
557 1427 607 1473 mc
623 1428 875 1475 commemorasse
891 1410 973 1486 libet,
991 1429 1028 1474 ne
1044 1409 1169 1476 fortasse

113 1513 278 1598 ‘equivocato
308 1508 461 1578 Bahiionis·
492 1513 624 1590 nomine,
650 1513 779 1600 Aegypti
802 1514 988 1580 Babiloniam
1013 1534 1080 1580 eam
1103 1533 1170 1579 esse

113 1629 304 1704 putaremus,
327 1629 361 1684 ut
394 1619 482 1685 multi
512 1620 716 1698 arbitrantur,
741 1639 817 1705 quae
844 1621 874 1685 in
902 1620 1011 1686 Caldea
1033 1621 1169 1706 primum

113 1745 128 1790 a
147 1725 312 1791 Nemhroth
335 1724 454 1790 condita
485 1723 551 1790 fuit.
580 1724 628 1790 Ad
651 1745 742 1810 quam
773 1725 922 1792 Dominus
945 1727 1030 1792 Iesus
1054 1745 1168 1812 nequa·

114 1851 197 1918 quam
219 1833 371 1918 profectus
398 1843 452 1898 est.
471 1832 534 1898 Sed
550 1832 586 1897 ad
610 1832 685 1897 hanc
700 1831 830 1918 Aegypti
846 1833 1048 1909 Babiloniam‚
1065 1833 1094 1896 io
1111 1825 1170 1918 qua

114 1941 271 2024 septennio,
297 1939 353 2004 hoc
376 1947 421 2004 est
443 1959 534 2024 quam
551 1938 603 2004 diu
632 1938 704 2004 vixit
726 1938 1001 2005 truculentissimus
1025 1957 1169 2022 persecu·

115 2052 154 2109 tor
175 2045 238 2131 ejus
266 2045 413 2121 Herodes,
445 2064 517 2109 cum
550 2053 646 2109 matre
670 2044 854 2110 sanctissima
888 2051 1090 2110 commoratus
1113 2051 1168 2109 cst.

112 2153 170 2230 ‘Qua
192 2151 318 2237 quidem
346 2151 378 2215 in
404 2151 490 2228 urbe,
523 2150 737 2216 domunculam
761 2150 866 2237 (quae
890 2170 970 2215 nunc
993 2149 1024 2214 in
1048 2148 1169 2214 oratorii

114 2255 260 2342 cujusdam
291 2257 355 2321 vice
387 2254 503 2320 redacta
533 2254 605 2339 est)
644 2264 791 2321 ostentant
822 2254 962 2340 Aegyptii
1003 2253 1165 2339 chrystiani

113 2364 281 2446 cognomine
305 2367 471 2443 leontinae,
495 2365 544 2430 1111
566 2364 691 2430 haerese
714 2365 886 2450 depravati,
910 2364 1100 2449 pertinaciter
1123 2383 1170 2427 as·

114 2481 210 2536 serunt
231 2492 326 2538 unam
348 2473 378 2537 in
402 2473 522 2539 Christo
545 2472 638 2538 tuisse
662 2477 817 2549 naturam,
846 2459 1039 2547 voluntatem,
1064 2487 1169 2553 opera·

112 2575 289 2664 tionemquc.
320 2579 429 2644 Plures
460 2578 633 2664 siquidem
664 2576 774 2643 habent
803 2576 951 2641 Ecclesias
982 2574 1012 2638 in
1035 2573 1090 2640 hac
1113 2574 1171 2638 Ba·

111 2679 223 2760 hilnnia‚
247 2704 326 2769 quae
353 2693 386 2748 ut
416 2683 547 2748 diximus
579 2680 713 2764 Memphi
736 2699 861 2765 prorsus
891 2677 1046 2743 coniuncta
1069 2694 1167 2742 unum

112 2787 227 2854 civitatis
250 2788 342 2855 efficit
356 2809 475 2874 corpus,
493 2789 603 2873 vixque
626 2785 663 2851 ab
681 2806 714 2852 ea
738 2785 854 2850 secerni
877 2792 983 2869 potest,
1002 2782 1057 2847 nisi
1074 2785 1168 2867 quam

112 2891 192 2979 longe
215 2896 370 2972 vetustior,
394 2905 423 2962 et
445 2895 506 2960 sola
530 2903 575 2960 est
596 2892 748 2959 nonnullis
772 2890 1003 2956 christianorum
1026 2883 1170 2954 Ecclesiis

113 2999 223 3067 referta.
248 3000 344 3087 Cujus
368 3021 467 3086 neque
492 3019 587 3086 usque
610 3000 684 3066 adeo
707 2995 885 3063 sublimium
904 2995 1025 3061 aedium
1051 2994 1166 3080 magni·¹

113 3103 231 3184 dicentia,
256 3108 351 3173 veluti
381 3106 531 3192 Memphis
557 3105 684 3191 gloriosa
715 3101 855 3188 persistit,
887 3119 1072 3187 quamquam
1098 3099 1171 3164 haec

114 3229 168 3275 non
190 3213 288 3278 coctili
315 3214 420 3290 latere,
452 3213 500 3277 111
530 3210 676 3276 interfuso
706 3203 853 3274 bitumine
884 3207 944 3272 sint
973 3201 1170 3290 perstructae',

114 3317 163 3382 sed
191 3308 275 3385 strue
309 3319 460 3404 lignorum
490 3317 673 3404 indoctisque
708 3314 850 3381 lateribus
883 3311 1063 3379 intermissis
1097 3308 1169 3374 sub·

114 3419 193 3488 nixae
226 3442 297 3489 aera
318 3431 445 3509 petunt,
469 3431 499 3488 et
533 3420 621 3488 variis
654 3419 735 3486 intus
769 3417 902 3503 depictae
937 3414 1087 3481 coloribus
1116 3429 1169 3480 au·

118 3604 309 3623 ————

179 3701 218 3772 (1)
235 3699 379 3772 Baghded,
397 3699 423 3756 la
440 3698 572 3756 Baldacca
589 3714 607 3754 o
623 3697 753 3754 Baldacco
771 3695 813 3754 dei
835 3691 993 3767 riaggiatori
1011 3691 1116 3750 italiani
1129 3691 1172 3748 sut

116 3785 182 3859 Tigri
199 3805 250 3846 con
269 3789 367 3860 89‚000
385 3788 438 3854 ah,
457 3789 500 3860 git
517 3787 631 3860 capitale
649 3786 708 3843 detl’
720 3786 823 3858 impero
842 3783 933 3850 111111,
952 3797 1000 3838 ora
1013 3781 1055 3838 del
1068 3781 1171 3854 pascia-

114 3872 163 3930 tare
180 3875 221 3933 det
240 3892 291 3932 sno
309 3891 396 3932 nome.
414 3872 537 3930 Foodata
554 3873 624 3945 dagli
643 3870 728 3928 Arahi
748 3872 792 3926 nel
811 3869 906 3927 765111
924 3883 1002 3942 presa
1020 3868 1056 3926 dn
1075 3869 1172 3940 Utagu·

116 3960 231 4021 11111111
249 3964 358 4024 Tartari
376 3964 420 4022 nel
439 3963 514 4032 1258,
533 3962 577 4020 dai
597 3961 698 4019 Turchi
717 3960 760 4021 1111
781 3960 857 4018 teet.
