2932 4728
718 351 896 415 -30-

274 537 415 618 Spolotri.
433 531 460 597 A
476 548 537 616 quo
553 528 686 595 millibus
713 525 940 614 quinquaginta,
969 525 1086 591 viculus
1102 523 1290 613 Namatio(
1313 524 1340 610 ),

273 645 347 709 situs
370 649 424 717 est,
448 639 616 724 eodemqne
640 638 709 704 hino
732 639 840 703 itinere
864 640 1041 722 Ropuaiorn,
1065 637 1191 715 urbem,
1215 637 1252 704 ad
1275 657 1340 703 ma·

273 749 390 814 nimum
413 745 571 831 pulchram
594 755 624 810 et
647 744 757 812 divitiis
780 746 970 831 opulentam,
994 747 1110 812 tametsi
1133 747 1255 832 grandis
1278 767 1340 812 non

273 857 320 920 sit.
356 853 616 938 Quadragintaque
651 853 721 918 inde
752 853 886 918 millibus
924 873 1068 939 passuum
1103 854 1259 934 castellum
1295 861 1342 918 est

277 965 430 1038 Clotlreri,
460 959 508 1044 (2)
531 959 637 1024 decem
659 970 688 1025 et
711 969 786 1035 octo,
814 964 925 1027 Budua
949 960 1105 1044 oppidum,
1129 981 1144 1026 a
1168 980 1228 1045 quo
1251 960 1339 1026 Anti·
1461 986 1462 1008 r

273 1072 351 1134 aeria
374 1066 481 1131 eadem
504 1066 619 1130 itineris
644 1066 689 1132 via
706 1076 832 1151 separat,
849 1075 938 1151 atquc
961 1066 995 1132 ad
1013 1067 1171 1132 castellum
1193 1068 1341 1152 Dulocpni

274 1172 381 1237 decem
404 1180 433 1236 et
454 1179 520 1236 octo
544 1170 678 1236 millibus
701 1192 846 1256 passuum
868 1172 979 1256 pariter
1002 1170 1187 1255 pervenitur.
1212 1171 1286 1236 lnde
1303 1170 1342 1235 ad

273 1279 429 1346 castellum
453 1279 554 1345 Scotri
584 1279 718 1344 millibus
749 1280 819 1344 XX.
851 1278 1111 1364 Quadragintaque
1141 1296 1179 1343 ex
1203 1277 1273 1342 inde
1304 1277 1342 1344 ad

273 1387 373 1453 allecti
407 1385 454 1472 (3)
490 1385 680 1470 oppidulum.
712 1386 845 1470 Triginta
876 1405 948 1451 vero
979 1384 1016 1450 ad
1047 1385 1156 1451 urbem
1188 1384 1342 1471 quandam

273 1492 500 1578 amplissimam,
525 1494 726 1579 ingentcnque
750 1495 924 1576 Dyroccloij,
949 1512 1030 1558 nunc
1053 1491 1149 1558 ruinis
1181 1492 1341 1576 collapsam
1462 1561 1463 1578 χ

274 1599 440 1665 immensis.
465 1598 513 1685 (l)
536 1599 611 1666 Inde
634 1599 671 1664 ad
702 1601 876 1676 Vettonum,
907 1618 967 1684 que
998 1599 1129 1664 adriatici
1153 1599 1245 1664 Sinus
1280 1606 1341 1664 ter·

274 1705 376 1770 minus
399 1713 454 1782 cst,
474 1704 608 1769 millibus
632 1705 787 1789 octoginta,
805 1704 858 1769 sed
874 1704 963 1788 paulo
987 1712 1054 1768 ante
1071 1704 1172 1772 Scutri
1195 1702 1343 1788 oppidum

274 1812 477 1897 insuperabile
511 1811 655 1898 quidam,
680 1811 1044 1888 commemoravimus,a
1079 1831 1140 1896 quo
1180 1809 1273 1876 iacilis
1296 1810 1344 1875 ad-

274 1919 400 1984 modum
435 1918 598 2003 brevisque
634 1927 680 1983 est
702 1919 739 1982 ad
762 1919 844 1983 ltalia
869 1918 922 1984 via.
948 1919 1036 1984 Hunc
1064 1937 1183 2002 nuper,
1208 1917 1264 1983 hoc
1299 1926 1344 1984 ost

275 2044 353 2089 anno
369 2023 417 2109 (5)
441 2022 709 2090 MCCCCLXXlX
727 2042 893 2108 menseque
910 2024 1024 2100 Martio,
1052 2023 1108 2088 iota
1133 2042 1205 2089 oum
1221 2022 1344 2088 Turcho
1463 2081 1464 2122 ,

278 2188 490 2202 m

348 2264 387 2333 (1)
407 2263 540 2330 Narenta,
568 2263 631 2335 (git
654 2271 762 2335 potente
784 2263 870 2334 cittt)
892 2279 939 2320 ora
960 2279 1039 2337 paese
1064 2263 1091 2320 di
1116 2263 1169 2322 500
1192 2262 1344 2320 3333311

275 2356 337 2412 ohil.
356 2355 382 2411 S.
403 2355 434 2412 Ο.
453 2355 488 2410 da
509 2355 611 2412 llostar
631 2356 702 2412 nella
724 2355 830 2424 Bosnia,
855 2356 990 2413 clriarnata
1012 2355 1096 2413 anche
1121 2356 1241 2412 Narona.
1260 2355 1272 2411 l
1291 2353 1346 2411 Ve-

273 2446 379 2503 nerinni
398 2446 440 2502 nel
458 2446 510 2501 987
530 2446 679 2503 vincevano
697 2446 705 2500 i
724 2446 805 2519 pirati
823 2446 973 2512 Narentini,
986 2446 1035 2502 olto
1053 2445 1210 2502 credendosi
1227 2444 1344 2502 invinci-

275 2533 323 2592 bili
343 2535 410 2591 nelle
428 2550 537 2607 procoso
555 2534 648 2607 paludi
666 2534 738 2592 della
756 2535 884 2603 Narenta,
906 2542 1119 2592 commettevano
1137 2533 1251 2590 roheria.

347 2622 385 2692 (t)
405 2623 516 2678 Cattaro
537 2622 581 2694 gia
602 2621 769 2695 Repubhlioa
793 2621 1002 2694 indipendente,
1022 2621 1066 2694 poi
1089 2628 1239 2693 sottoposta
1257 2637 1273 2681 3
1292 2620 1346 2680 Ve-

275 2712 352 2769 nezia
372 2697 393 2767 d
413 2713 492 2783 luogo
510 2711 658 2768 fortissimo
676 2727 724 2782 per
742 2718 839 2768 natura
856 2710 888 2767 ed
907 2711 977 2766 assai
997 2711 1109 2766 munito.

347 2799 385 2870 (5)
407 2799 512 2857 Alassio
531 2815 547 2854 a
568 2797 685 2856 5631311.
712 2799 738 2854 31
763 2798 817 2854 Sud
844 2797 871 2853 di
894 2797 998 2854 Scutnri
1018 2797 1086 2854 sulla
1107 2797 1347 2866 [1333131333-

275 2888 361 2946 conda
380 2888 494 2959 capitale
512 2887 574 2943 dell’
587 2888 717 2954 Albania,
729 2887 766 2942 lin
785 2887 834 2943 che
853 2888 922 2944 duro
941 2888 969 2944 in
988 2887 1045 2944 vita
1058 2888 1075 2943 il
1088 2887 1191 2943 lanoso
1209 2885 1347 2958 guerriero

276 2977 384 3049 Giorgio
397 2975 583 3048 Scanderbeglr
602 2977 733 3034 uincitore
752 2977 794 3033 dei
815 2976 925 3034 Turclti.
943 2977 1020 3034 Nolle
1031 2975 1175 3033 cattedrale
1193 2975 1221 3031 di
1240 2975 1346 3032 Alassio

276 3066 305 3122 ln
324 3063 427 3136 sepolto
451 3063 514 3136 que-l
541 3064 638 3134 prode,
659 3081 673 3120 e
698 3063 810 3137 quando
831 3063 866 3136 gli
890 3063 1020 3120 ottomoni
1045 3079 1153 3136 presoro
1173 3064 1263 3136 quella
1280 3063 1348 3120 ciret
1388 3120 1391 3125 ,

277 3167 439 3224 spazzarono
467 3151 490 3207 le
507 3166 570 3206 ossa
594 3149 695 3215 dilui,
721 3164 754 3205 ne
781 3149 866 3205 lacero
884 3149 953 3222 degli
974 3151 1097 3217 amuleti,
1114 3149 1271 3207 credendosi
1289 3150 1347 3207 cosi

276 3241 304 3297 di
322 3239 487 3297 trasiondere
506 3239 533 3294 in
553 3241 581 3294 se
601 3239 618 3293 il
639 3238 731 3294 valore
750 3236 793 3293 del
812 3238 918 3294 Grande
938 3238 1079 3295 Albanese.
1246 3234 1248 3238 ’

348 3330 386 3399 (l)
399 3329 526 3384 L’antioo
544 3326 698 3399 Epidaurro,
717 3325 844 3382 rovinata
862 3327 905 3383 nel
921 3328 986 3382 l08l
1011 3327 1053 3384 dai
1071 3327 1221 3384 Normanni
1239 3327 1290 3385 olto
1308 3327 1347 3385 ivi

277 3415 407 3474 disiacum
420 3416 438 3471 l’
449 3417 617 3490 lmperatore
629 3413 774 3482 d’Oriente,
788 3414 895 3471 Alessio
907 3414 1089 3471 03133333-
1101 3429 1149 3470 ora
1162 3415 1291 3484 1335,0011
1303 3415 1348 3472 ab.

348 3503 386 3574 (5)
409 3504 438 3559 lr'
450 3512 544 3562 autore
557 3501 790 3560 verosimilrnente
808 3511 952 3560 tornavaa
971 3517 1033 3557 casa
1054 3501 1097 3558 nel
1116 3502 1256 3558 Dicemhre
1269 3503 1347 3570 1178,

276 3591 374 3664 percite
394 3592 419 3647 13
437 3607 502 3664 paee
520 3590 548 3647 di
566 3591 652 3663 [raeco
672 3589 819 3647 conchiusa
832 3591 873 3646 ira
886 3590 1030 3646 llaomotto
1049 3589 1087 3645 11ο
1103 3606 1118 3646 e
1135 3589 1161 3644 13
1180 3589 1349 3662 llopubblica

277 3683 390 3748 Veneta,
409 3679 451 3735 del
469 3681 503 3739 26
522 3681 643 3748 Gennajo
665 3680 732 3736 llttt
748 3679 777 3736 lu
790 3679 955 3734 confermata
967 3686 1089 3750 appunto
1107 3679 1149 3735 nel
1169 3678 1261 3735 llarzo
1278 3677 1349 3736 dello

277 3776 363 3824 stesso
388 3781 467 3823 anno.
491 3767 598 3824 Scutari
624 3767 673 3823 che
698 3766 721 3823 31
747 3781 793 3822 era
819 3771 1018 3822 strenuamento
1042 3765 1127 3822 difesa
1153 3766 1182 3822 lu
1206 3765 1304 3823 cedula
1322 3765 1348 3824 31

278 3857 400 3931 Sullano,
419 3855 453 3927 gli
472 3855 585 3912 abitanti
605 3856 703 3912 turono
720 3854 848 3927 promisti
866 3853 898 3912 ed
917 3855 1012 3911 aceolti
1031 3854 1103 3912 dalla
1117 3853 1285 3926 Repubblica
1304 3851 1347 3911 nel

270 3961 327 4002 ¹sno
346 3942 489 4004 territorio.
508 3945 520 4000 l
540 3943 690 4003 Veneriam
709 3957 847 4016 pagarono
867 3944 918 4004 1110
935 3943 999 4002 mila
1017 3943 1106 4002 lucan
1127 3943 1217 4002 subito
1235 3959 1251 4002 e
1268 3943 1292 4000 si
1305 3958 1344 4000 33
