2970 4730
579 349 753 414 -lbl-

134 521 345 610 spumantibus
368 521 466 600 undis,
490 541 550 609 qua
573 541 681 590 cursus
703 533 873 612 ventusque
896 524 1041 604 ferebant,
1065 536 1096 593 et
1106 547 1203 594 caeca·

131 631 254 716 ealigine
277 628 414 714 abruptis
436 627 589 706 nubibus,
614 629 762 696 micabant
785 630 920 719 undique
951 632 1058 717 ignes,
1089 634 1201 700 astabat

131 735 305 802 teterrimus
332 733 450 816 imber,
481 743 600 802 noctem
624 744 654 800 et
677 736 762 822 quasi
793 735 915 815 lenens,
948 746 977 804 et
1006 738 1202 806 inhorruerat

30 915 32 946 1
132 840 212 908 unda
235 836 395 922 tenebris)
418 838 567 924 contingit,
592 837 667 904 dum
690 858 725 905 ea
747 839 779 905 in
803 839 879 907 urbe
902 841 977 908 duos
1000 841 1096 910 ferme
1119 863 1202 910 men·

29 1015 31 1042 ,
131 967 178 1016 ses
202 964 417 1024 commorarer,
440 944 607 1024 hominem,
624 945 685 1012 duo
708 946 747 1014 de
770 947 872 1034 viginti
896 948 1014 1018 circiter
1036 969 1130 1016 annos
1153 949 1202 1016 ha·

28 1047 30 1118 f
131 1056 265 1132 bentem,
288 1072 382 1141 quem
406 1053 513 1132 Mauri,
530 1053 622 1132 veluti
639 1055 740 1122 virum
755 1056 838 1124 omni
852 1057 1005 1124 sanctitate
1021 1057 1200 1143 praeditum,

131 1161 474 1246 celebratissimumque,
498 1179 606 1246 magno
630 1161 810 1230 venerabant
825 1162 941 1241 affeetu
958 1171 1060 1229 noctes
1076 1161 1201 1249 diesque

131 1267 280 1334 civitatem
304 1265 439 1352 undique
463 1265 580 1345 nudum
603 1267 723 1352 penitus
751 1267 900 1335 incedere.
925 1267 1044 1353 Quique
1060 1268 1201 1354 pudenda

130 1390 205 1456 cum
237 1369 379 1437 omnibus
411 1377 576 1436 ostentaret
605 1370 740 1438 maribus
770 1380 801 1438 et
830 1371 1008 1451 lemminis‚
1040 1372 1141 1458 nuptis
1172 1381 1202 1438 et

130 1474 276 1562 innuptis,
292 1474 375 1540 omni
389 1475 476 1541 sexui
500 1475 613 1560 paritor
638 1484 668 1541 et
689 1478 786 1555 aetati,
812 1485 889 1544 tanta
904 1477 1044 1544 Saraceni
1067 1477 1104 1544 ad
1127 1497 1200 1544 eum

128 1581 304 1648 ferebantur
328 1579 509 1658 devotione,
534 1589 569 1646 ut
592 1600 715 1660 coram,
738 1602 772 1648 ac
795 1583 904 1669 vulgo,
929 1582 1019 1647 etiam
1048 1582 1199 1667 priapum,

130 1686 214 1774 qnod
236 1694 266 1752 et
289 1685 369 1752 dictu
392 1705 514 1772 quoqne
537 1687 660 1755 loedum
683 1698 748 1768 est,
780 1688 926 1776 religione
949 1687 1080 1775 quadam
1103 1688 1201 1754 cultu.

130 1811 192 1880 que
215 1793 394 1870 oscularent,
417 1792 499 1878 quod
522 1794 627 1880 magis,
649 1815 684 1862 ac
698 1796 803 1883 magis,
827 1795 902 1862 leste
925 1795 974 1862 die
990 1794 1103 1862 viritim
1117 1794 1202 1876 lanie-

129 1900 211 1966 bant
227 1901 306 1966 Huic
321 1900 416 1965 victus
439 1909 469 1966 et
491 1900 662 1967 alimoniam
679 1923 739 1984 non
755 1911 816 1968 tam
831 1902 963 1968 libenter
978 1901 1199 1987 impertiebant,

130 2015 371 2092 cunctorumque
393 2006 532 2091 patebant
553 2009 705 2092 marsupia
721 2010 951 2086 Saracenorum,
975 2007 1029 2074 sed
1052 2005 1200 2094 quidquid

130 2111 156 2180 is
179 2111 210 2176 in
233 2112 372 2176 omnium
395 2112 442 2176 vel
465 2109 626 2190 domibus,
662 2113 709 2178 vel
732 2111 948 2198 negotiantium
970 2111 1102 2178 tabernis
1124 2110 1201 2179 arri·

130 2219 267 2306 puisset,
292 2217 417 2285 telicem
451 2219 552 2300 huno,
583 2219 777 2308 faustumque
800 2221 882 2288 diem
904 2221 962 2288 sibi
985 2221 1036 2288 ille
1059 2219 1200 2306 obtigisse.

130 2321 273 2409 putabat,
305 2332 415 2409 quanto
444 2324 539 2409 magis
562 2324 678 2392 homini
707 2326 880 2412 contingere
902 2335 1014 2412 potest,
1039 2334 1069 2392 et
1097 2324 1200 2408 suario

130 2426 273 2524 pudenda
296 2427 459 2512 lingebant.
491 2428 539 2496 Oh
570 2430 720 2514 praeclara
747 2449 819 2496 sane
842 2431 1019 2498 Maurorum
1041 2429 1199 2499 sanctitast

131 2533 181 2602 Oh
203 2531 417 2602 officiosissima
440 2533 556 2620 pietatis
578 2553 678 2620 opera,
701 2532 813 2620 quibus
836 2533 949 2598 homini
967 2553 1089 2599 scurrae
1109 2545 1200 2619 atquo

131 2637 414 2724 impudentissimo,
446 2660 506 2706 sna.
523 2659 582 2704 non
607 2639 706 2706 solum
729 2639 858 2706 libenter
884 2637 1115 2725 impenderent,
1146 2637 1200 2705 sed

132 2744 198 2812 eius
221 2751 283 2810 um
305 2743 450 2811 obscaeno
473 2744 641 2830 spectaculo
672 2763 783 2810 uxores
806 2753 836 2808 et
858 2742 969 2809 liberos
1000 2761 1091 2822 suos,
1123 2761 1200 2828 quos

131 2849 227 2936 magis
242 2848 364 2922 erudire
379 2849 417 2917 ad
432 2849 618 2917 honestatem
633 2849 808 2927 debuerant,
826 2848 942 2915 libidini
958 2867 1053 2935 prope
1074 2847 1200 2918 modum

131 2955 369 3044 prostituebant,
401 2955 475 3023 dum
501 2955 736 3024 adolescentium
766 2955 847 3023 nuda
876 2974 1002 3041 corpora
1032 2975 1130 3044 usque
1161 2953 1200 3022 ad

130 3062 297 3128 satietatem
319 3061 543 3148 impudicorum
565 3061 724 3128 bominum
747 3080 806 3128 non
829 3060 920 3128 modo
950 3069 1196 3148 conspectarent,

130 3166 186 3234 sed
209 3177 239 3233 et
261 3168 409 3234 scelerosa
443 3167 588 3253 religione
620 3168 786 3234 exosculari
816 3167 1074 3254 aggrederentur,
1108 3173 1138 3230 et
1171 3163 1200 3234 ei

118 3273 200 3360 .(qui
223 3272 322 3357 potius
345 3272 384 3339 ob
406 3271 540 3358 perditos
564 3291 667 3338 mores
690 3271 839 3358 fugandus
862 3271 1090 3358 pulsandusque
1103 3269 1201 3338 luerat

133 3398 172 3445 ex
208 3377 312 3462 urbe)
349 3398 405 3444 sua
444 3376 533 3443 domo
566 3376 682 3462 degere
720 3396 780 3443 non
818 3377 1000 3443 dubitabant.
1039 3375 1200 3442 Caeterum

133 3482 194 3550 iam
216 3481 300 3569 quod
323 3480 473 3548 eiusmodi
495 3479 688 3549 sanctimonia
710 3481 857 3567 pietateve
880 3479 1064 3548 stelleratius
1084 3487 1138 3544 aut
1156 3478 1200 3543 im

132 3587 242 3673 purius
265 3586 424 3673 excogitari
447 3588 572 3673 potest?
603 3586 690 3667 Quod
714 3586 822 3653 etalio
845 3604 967 3671 quoque
990 3584 1129 3668 exemplo
1152 3581 1200 3648 de

133 3687 274 3758 claretur.
300 3692 361 3760 Vix
384 3711 494 3777 nempe
513 3690 577 3777 jam
599 3700 701 3757 exacto
724 3710 801 3756 anno
823 3693 962 3756 Beritum
984 3688 1090 3777 Syriae
1114 3686 1199 3786 oppi-

135 3794 210 3861 dum
234 3815 331 3882 qunm
354 3795 525 3874 venissem,
553 3815 621 3882 ego.
637 3814 707 3860 eum
738 3793 841 3859 multis
871 3792 951 3872 vidi,
983 3809 1200 3877 nonnunquam

135 3900 275 3966 eiusdem
302 3901 495 3988 professionis
526 3901 678 3986 seniorem
708 3899 862 3983 homiuem
891 3898 1029 3988 protinus
1060 3897 1199 3976 nudum,
