2970 4730
570 391 744 464 *tat-''-

124 549 205 637 mius
229 569 444 656 prophetarum
468 569 563 636 David
586 571 626 635 ait
647 571 679 637 in
702 569 839 657 psalmo:
863 560 1020 657 Sipoetem
1042 582 1190 656 estsuper

25 695 27 698 ·
123 699 190 756 eos,
215 682 315 744 leucen
338 681 440 743 celtes
463 681 519 755 tet,
543 681 668 744 domine.
693 679 771 744 Sunt
786 698 896 763 nempe
911 677 1030 763 perfidi,
1047 679 1189 764 improbi}

124 782 280 865 maliciosi,
302 781 413 868 cupidi,
437 782 582 860 iracundi,
607 783 768 862 libidinosi,
785 793 966 869 arrogantes,
982 785 1125 869 protervi,
1142 805 1189 850 ra·

124 909 235 974 paces,
259 889 395 974 periuri,
419 888 610 967 fraudolenti,
635 890 790 976 impudici,
814 890 951 967 adulteri,
975 891 1118 969 incaesti,
1142 911 1189 956 ra-

24 977 25 986 *
124 1004 237 1080 ptores,
261 993 448 1072 homicidae,
481 994 670 1081 demumque
693 996 723 1060 io
748 996 830 1061 omni
853 1015 963 1081 genere
986 997 1061 1062 vitae
1075 995 1190 1063 -nelarii

122 1110 214 1186 atque
231 1100 358 1166 scelesti.
375 1101 443 1178 Quo
459 1101 605 1166 nimirum
628 1101 659 1166 in
682 1101 833 1166 altissimis
857 1101 1038 1186 ignorantiae
1057 1101 1191 1168 tenebris

125 1206 300 1292 (quantum
333 1202 370 1269 ad
404 1223 509 1271 veram
544 1204 736 1271 christianam
770 1204 946 1290 religionem
984 1207 1191 1292 excipiendam

125 1307 252 1392 attinet)
275 1328 326 1374 eos
350 1309 464 1374 iustum
488 1317 533 1372 est
555 1327 747 1393 permanere.
772 1308 823 1374 Sic
846 1317 875 1373 et
897 1310 1048 1395 apostolus
1079 1313 1192 1377 Paulus

124 1415 364 1481 luculentissime
399 1413 560 1500 perhibet,
593 1418 692 1499 buum
725 1413 763 1479 ad
796 1414 943 1500 Ephesios
966 1416 1101 1482 scribens
1130 1418 1191 1483 ait:

124 1523 199 1588 Ilico
223 1529 250 1586 et
272 1521 410 1604 testificer
432 1524 464 1585 in
487 1523 616 1598 domino,
641 1532 676 1585 et
696 1524 759 1587 ione
781 1541 841 1587 oen
865 1526 1037 1600 ambuletis,
1066 1527 1143 1588 sieut
1164 1533 1193 1588 et

123 1637 223 1713 pentes
245 1631 401 1693 ambulent
423 1631 457 1692 e'n
479 1630 609 1693 venitote
631 1648 735 1694 sesses
758 1632 815 1705 sei,
840 1633 966 1695 tenebris
988 1635 1191 1708 obsecratum,

126 1727 265 1797 hebentes
286 1733 476 1807 intellectum,
493 1733 615 1796 steneli
637 1752 656 1796 e
679 1735 743 1797 cite
758 1734 804 1797 dei
814 1752 871 1814 per
885 1737 1099 1818 ipocrentiem,
1115 1753 1192 1815 puae

126 1847 169 1904 est
190 1841 224 1902 in
246 1840 316 1913 iltis,
335 1855 430 1918 prope
453 1840 620 1903 coecitatem
642 1840 740 1903 cordis
754 1841 899 1920 ipsorum.
919 1839 978 1918 Qui
993 1842 1191 1922 desperantes,

125 1948 291 2026 nometipsos
314 1947 505 2009 tradiderunt
535 1947 754 2025 impudicitiae,
778 1948 809 2009 in
833 1949 1022 2027 operatione,
1046 1949 1078 2009 ie
1101 1965 1191 2010 mee·

125 2053 210 2128 dicis,
232 2052 268 2114 io
288 2053 430 2115 avaricie.
455 2049 507 2114 Isti
531 2049 630 2133 itaquo
654 2049 717 2114 suis
742 2049 819 2114 vitiis
843 2049 970 2127 irretiti,
995 2058 1025 2114 et
1046 2069 1191 2135 perverso

127 2155 265 2241 dogmate
287 2154 419 2240 apueris
442 2153 567 2219 instituti
584 2153 714 2219 veritatis
730 2155 830 2220 lucem
852 2154 1009 2220 admittere
1026 2164 1191 2241 nequeunt.

126 2260 257 2327 Tametsi
287 2259 418 2345 plurima
448 2269 538 2345 etque
568 2258 695 2326 mirifica
729 2259 914 2346 chrystiana'e
945 2260 1097 2346 religionis
1131 2261 1190 2328 mi·

126 2366 239 2443 recula,
267 2364 321 2431 hac
347 2374 377 2430 et
402 2373 578 2450 tempestate
592 2363 684 2450 'apud
707 2384 760 2431 eos
783 2367 895 2431 crescat
917 2366 947 2430 iu
971 2365 1057 2445 dies3
1080 2367 1193 2452 quibus

126 2491 142 2536 a
164 2471 212 2535 via
235 2469 365 2534 veritatis
395 2469 409 2556 (
432 2518 736 2536 ..........
760 2467 774 2552 )
804 2468 897 2535 divini
920 2470 1050 2535 nominis
1071 2471 1193 2554 penitus

127 2574 301 2660 depravati,
332 2593 417 2640 caeca
440 2573 637 2640 obstinatione
662 2573 838 2640 fidemnon
861 2573 951 2640 modo
981 2589 1050 2640 nou
1072 2575 1191 2642 babent.

125 2680 189 2747 Sed
213 2689 243 2745 et
264 2679 427 2745 inhumana
449 2680 624 2746 crudelitate
648 2679 824 2745 christianos
859 2679 1003 2765 persequi
1025 2699 1097 2746 non·
1112 2679 1192 2746 desi·

126 2793 229 2862 stunt,
252 2804 329 2870 quos
351 2802 407 2850 ceu
430 2783 494 2868 lupi
518 2803 661 2868 rapaces,
685 2791 787 2867 aperta
810 2781 1000 2868 praedatione
1022 2793 1193 2853 crassentur

122 2908 159 2957 uc
181 2889 317 2976 spolient.
341 2889 375 2955 Si
397 2887 523 2976 quidem
545 2909 606 2954 non
630 2888 752 2964 ventris,
779 2888 833 2954 sed
854 2888 953 2954 cordis
977 2889 1075 2956 rabies
1088 2890 1122 2956 ‘in
1137 2909 1192 2956 nos

125 2993 302 3060 iratissimus
324 2992 424 3058 hostes
447 3000 478 3058 et
499 2991 719 3058 immitissimus
744 2991 886 3057 barbaros
909 2991 1052 3058 efferavit.

126 3114 129 3122 ’
215 3101 393 3166 Ledovtcus.
418 3099 533 3164 Omnes
556 3118 595 3164 ne
618 3096 735 3164 Arabes
759 3097 799 3163 ita
821 3097 901 3163 saevi
924 3107 1013 3186 atque
1035 3108 1136 3167 truces
1163 3107 1194 3165 et

125 3202 190 3289 ipsa
214 3203 325 3270 Arabia
348 3203 452 3289 ingens
478 3222 517 3268 ne
541 3203 615 3268 esti
835 3189 839 3194 ’

215 3308 397 3376 Ateeeoder.
422 3308 568 3375 Omnium
592 3307 753 3374 hominum
775 3308 1022 3374 truculentissimi
1053 3317 1084 3376 et
1112 3309 1194 3376 saevi

126 3425 198 3483 sunt
219 3415 336 3482 Arabes
358 3417 433 3502 vagi,
457 3437 535 3503 quos
557 3416 739 3501 scriptores,
775 3434 792 3480 a
826 3414 1025 3480 tabernaculis
1049 3414 1192 3499 nomades

127 3522 346 3608 cognominant.
371 3522 490 3607 Quique
513 3521 611 3588 cilitiis
633 3527 784 3586 metantur
807 3519 859 3584 ubi
883 3519 1014 3597 libuerit,
1038 3528 1068 3584 et
1085 3530 1195 3606 ¹quoet

128 3647 251 3715 quaque
274 3647 361 3693 mens
378 3627 514 3706 duxerit,
537 3627 746 3693 ecferuntur.
769 3626 951 3711 Deguutque
966 3625 1136 3704 latrociniis,
1164 3635 1194 3691 et

128 3733 166 3799 ed
189 3732 397 3818 praedandum
420 3733 596 3819 praecipites
620 3741 723 3799 ruunt.
749 3732 806 3811 Qui
829 3751 890 3797 nou
921 3732 1020 3796 solum
1050 3732 1194 3818 abruptae

129 3837 299 3923 cupiditatis
321 3857 404 3903 arma
426 3836 498 3902 loris
522 3836 661 3914 efferunt,
678 3835 731 3901 sed
747 3835 996 3901 truculentissimi
1012 3836 1109 3902 sicarii
1132 3838 1194 3904 vias

130 3943 267 4027 publicas
290 3942 439 4024 obsidunt,
458 3953 493 4008 et
515 3942 546 4008 in
569 3943 649 4027 ipses
671 3941 785 4010 medias
808 3940 949 4023 civitates,
972 3943 1123 4010 trucidare
1145 3943 1195 4010 ho
